
  <record>
    <leader>01000aam  22002601a 4500</leader>
    <controlfield tag="001">YPZ93992</controlfield>
    <controlfield tag="003">YPZ</controlfield>
    <controlfield tag="005">201105171746210</controlfield>
    <controlfield tag="008">110517|###########||||||b||||||||||spa|d</controlfield>
    <datafield tag="020" ind1=" " ind2=" ">
      <subfield code="a">9509023477</subfield>
    </datafield>
    <datafield tag="040" ind1=" " ind2=" ">
      <subfield code="c">SIUNPA</subfield>
    </datafield>
    <datafield tag="041" ind1=" " ind2=" ">
      <subfield code="a">spa</subfield>
    </datafield>
    <datafield tag="044" ind1=" " ind2=" ">
      <subfield code="a">AR</subfield>
    </datafield>
    <datafield tag="080" ind1=" " ind2=" ">
      <subfield code="a">R(038)=134.2'374.221</subfield>
    </datafield>
    <datafield tag="245" ind1=" " ind2=" ">
      <subfield code="a">Diccionario de sinónimos y antónimos</subfield>
      <subfield code="c"> / Castro de Amato, Laura, dir. y supervisión ; Vendrell de Gómez, Delfina, colab. ; Casilda Ramos, Laura, colab. ; Boero, Susana, colab. ; Starico de Acomo, Mabel, colab.</subfield>
    </datafield>
    <datafield tag="250" ind1=" " ind2=" ">
      <subfield code="a">1a ed.</subfield>
    </datafield>
    <datafield tag="260" ind1=" " ind2=" ">
      <subfield code="a">Buenos Aires</subfield>
      <subfield code="b"> : Ruy Díaz</subfield>
      <subfield code="c"> , 1986</subfield>
    </datafield>
    <datafield tag="650" ind1=" " ind2=" ">
      <subfield code="a"> ESPAÑOL</subfield>
    </datafield>
    <datafield tag="650" ind1=" " ind2=" ">
      <subfield code="a"> ANTONIMOS</subfield>
    </datafield>
    <datafield tag="650" ind1=" " ind2=" ">
      <subfield code="a"> SINONIMOS</subfield>
    </datafield>
    <datafield tag="650" ind1=" " ind2=" ">
      <subfield code="a"> DICCIONARIO</subfield>
    </datafield>
    <datafield tag="942" ind1=" " ind2=" ">
      <subfield code="c">BK</subfield>
    </datafield>
    <datafield tag="952" ind1=" " ind2=" ">
      <subfield code="a">BIB_RECT</subfield>
      <subfield code="b">BIB_UASJ</subfield>
      <subfield code="d">2011-05-17</subfield>
      <subfield code="y">BK</subfield>
      <subfield code="p">04-40833</subfield>
      <subfield code="i">04-40833</subfield>
      <subfield code="g">42</subfield>
      <subfield code="o">R(038)=134.2'374.221</subfield>
      <subfield code="e">Desconocido</subfield>
      <subfield code="8">CR</subfield>
    </datafield>
  </record>