
  <record>
    <leader>01000aam  22002601a 4500</leader>
    <controlfield tag="001">YPZ94002</controlfield>
    <controlfield tag="003">YPZ</controlfield>
    <controlfield tag="005">201105191505470</controlfield>
    <controlfield tag="008">110519|###########||||||b||||||||||spa|d</controlfield>
    <datafield tag="020" ind1=" " ind2=" ">
      <subfield code="a">8400075455</subfield>
    </datafield>
    <datafield tag="040" ind1=" " ind2=" ">
      <subfield code="c">SIUNPA</subfield>
    </datafield>
    <datafield tag="041" ind1=" " ind2=" ">
      <subfield code="a">spa</subfield>
    </datafield>
    <datafield tag="044" ind1=" " ind2=" ">
      <subfield code="a">ES</subfield>
    </datafield>
    <datafield tag="080" ind1=" " ind2=" ">
      <subfield code="a">R622(038) A454d</subfield>
    </datafield>
    <datafield tag="100" ind1=" " ind2=" ">
      <subfield code="a">Alonso, Ricardo N..</subfield>
    </datafield>
    <datafield tag="245" ind1=" " ind2=" ">
      <subfield code="a">Diccionario minero</subfield>
      <subfield code="b"> : glosario de voces utilizadas por los mineros de Iberoamérica</subfield>
    </datafield>
    <datafield tag="260" ind1=" " ind2=" ">
      <subfield code="a">Madrid</subfield>
      <subfield code="b"> : Consejo Superior de Investigaciones Científicas, CSIC</subfield>
      <subfield code="b"> : Museo Nacional de Ciencias Naturales</subfield>
      <subfield code="c"> , 1995</subfield>
    </datafield>
    <datafield tag="440" ind1=" " ind2=" ">
      <subfield code="a">Colección cuadernos</subfield>
      <subfield code="a">Códigos A-Z</subfield>
      <subfield code="a">Monografías del Museo Nacional de Ciencias Naturales</subfield>
      <subfield code="v">10</subfield>
    </datafield>
    <datafield tag="490" ind1=" " ind2=" ">
      <subfield code="a">Colección cuadernos</subfield>
      <subfield code="a">Códigos A-Z</subfield>
      <subfield code="a">Monografías del Museo Nacional de Ciencias Naturales</subfield>
      <subfield code="v">10</subfield>
    </datafield>
    <datafield tag="500" ind1=" " ind2=" ">
      <subfield code="a">En cub.: Monografías</subfield>
    </datafield>
    <datafield tag="650" ind1=" " ind2=" ">
      <subfield code="a"> DICCIONARIO</subfield>
    </datafield>
    <datafield tag="650" ind1=" " ind2=" ">
      <subfield code="a"> MINERIA</subfield>
    </datafield>
    <datafield tag="942" ind1=" " ind2=" ">
      <subfield code="c">BK</subfield>
    </datafield>
    <datafield tag="952" ind1=" " ind2=" ">
      <subfield code="a">BIB_RECT</subfield>
      <subfield code="b">BIB_UASJ</subfield>
      <subfield code="d">2011-05-19</subfield>
      <subfield code="y">BK</subfield>
      <subfield code="p">04-40853</subfield>
      <subfield code="i">04-40853</subfield>
      <subfield code="g">50</subfield>
      <subfield code="o">R622(038) A454d</subfield>
      <subfield code="e">UASJ</subfield>
      <subfield code="8">CR</subfield>
    </datafield>
  </record>