
  <record>
    <leader>01000aam  22002601a 4500</leader>
    <controlfield tag="001">YPZ94006</controlfield>
    <controlfield tag="003">YPZ</controlfield>
    <controlfield tag="005">201105191701420</controlfield>
    <controlfield tag="008">110519|###########||||||b||||||||||spa|d</controlfield>
    <datafield tag="020" ind1=" " ind2=" ">
      <subfield code="a">8449408644 (o.c.)</subfield>
    </datafield>
    <datafield tag="020" ind1=" " ind2=" ">
      <subfield code="a">8449408652 (v.1)</subfield>
    </datafield>
    <datafield tag="020" ind1=" " ind2=" ">
      <subfield code="a">8449408660 (v.2)</subfield>
    </datafield>
    <datafield tag="020" ind1=" " ind2=" ">
      <subfield code="a">8449408679 (v.3)</subfield>
    </datafield>
    <datafield tag="020" ind1=" " ind2=" ">
      <subfield code="a">848449408687 (v.4)</subfield>
    </datafield>
    <datafield tag="040" ind1=" " ind2=" ">
      <subfield code="c">SIUNPA</subfield>
    </datafield>
    <datafield tag="041" ind1=" " ind2=" ">
      <subfield code="a">spa</subfield>
    </datafield>
    <datafield tag="044" ind1=" " ind2=" ">
      <subfield code="a">ES</subfield>
    </datafield>
    <datafield tag="080" ind1=" " ind2=" ">
      <subfield code="a">R159.9(031) E561e</subfield>
    </datafield>
    <datafield tag="245" ind1=" " ind2=" ">
      <subfield code="a">Enciclopedia de la psicología</subfield>
      <subfield code="c"> / d'Angelo, Graciela, dir.</subfield>
    </datafield>
    <datafield tag="260" ind1=" " ind2=" ">
      <subfield code="a">Barcelona</subfield>
      <subfield code="b"> : Océano</subfield>
      <subfield code="c"> , 1998</subfield>
    </datafield>
    <datafield tag="650" ind1=" " ind2=" ">
      <subfield code="a"> PSICOLOGIA</subfield>
    </datafield>
    <datafield tag="650" ind1=" " ind2=" ">
      <subfield code="a"> ENCICLOPEDIA</subfield>
    </datafield>
    <datafield tag="942" ind1=" " ind2=" ">
      <subfield code="c">BK</subfield>
    </datafield>
    <datafield tag="952" ind1=" " ind2=" ">
      <subfield code="a">BIB_RECT</subfield>
      <subfield code="b">BIB_UASJ</subfield>
      <subfield code="d">2011-05-19</subfield>
      <subfield code="y">BK</subfield>
      <subfield code="p">04-40841</subfield>
      <subfield code="i">04-40841</subfield>
      <subfield code="g">140</subfield>
      <subfield code="o">R159.9(031) E561e</subfield>
      <subfield code="e">UASJ</subfield>
      <subfield code="8">CR</subfield>
    </datafield>
    <datafield tag="952" ind1=" " ind2=" ">
      <subfield code="a">BIB_RECT</subfield>
      <subfield code="b">BIB_UASJ</subfield>
      <subfield code="d">2011-05-19</subfield>
      <subfield code="y">BK</subfield>
      <subfield code="p">04-40842</subfield>
      <subfield code="i">04-40842</subfield>
      <subfield code="g">140</subfield>
      <subfield code="o">R159.9(031) E561e</subfield>
      <subfield code="e">UASJ</subfield>
      <subfield code="8">CR</subfield>
    </datafield>
    <datafield tag="952" ind1=" " ind2=" ">
      <subfield code="a">BIB_RECT</subfield>
      <subfield code="b">BIB_UASJ</subfield>
      <subfield code="d">2011-05-19</subfield>
      <subfield code="y">BK</subfield>
      <subfield code="p">04-40843</subfield>
      <subfield code="i">04-40843</subfield>
      <subfield code="g">140</subfield>
      <subfield code="o">R159.9(031) E561e</subfield>
      <subfield code="e">UASJ</subfield>
      <subfield code="8">CR</subfield>
    </datafield>
    <datafield tag="952" ind1=" " ind2=" ">
      <subfield code="a">BIB_RECT</subfield>
      <subfield code="b">BIB_UASJ</subfield>
      <subfield code="d">2011-05-19</subfield>
      <subfield code="y">BK</subfield>
      <subfield code="p">04-40844</subfield>
      <subfield code="i">04-40844</subfield>
      <subfield code="g">140</subfield>
      <subfield code="o">R159.9(031) E561e</subfield>
      <subfield code="e">UASJ</subfield>
      <subfield code="8">CR</subfield>
    </datafield>
  </record>