
  <record>
    <leader>01000aam  22002601a 4500</leader>
    <controlfield tag="001">YPZ94011</controlfield>
    <controlfield tag="003">YPZ</controlfield>
    <controlfield tag="005">201105201718560</controlfield>
    <controlfield tag="008">110520|###########||||||b||||||||||spa|d</controlfield>
    <datafield tag="020" ind1=" " ind2=" ">
      <subfield code="a">8430300376 (o.c.)</subfield>
    </datafield>
    <datafield tag="020" ind1=" " ind2=" ">
      <subfield code="a">8430300384 (t.1)</subfield>
    </datafield>
    <datafield tag="040" ind1=" " ind2=" ">
      <subfield code="c">SIUNPA</subfield>
    </datafield>
    <datafield tag="041" ind1=" " ind2=" ">
      <subfield code="a">spa</subfield>
    </datafield>
    <datafield tag="044" ind1=" " ind2=" ">
      <subfield code="a">ES</subfield>
    </datafield>
    <datafield tag="080" ind1=" " ind2=" ">
      <subfield code="a">R(031) E561en</subfield>
    </datafield>
    <datafield tag="245" ind1=" " ind2=" ">
      <subfield code="a">Enciclopedia concisa Sopena</subfield>
      <subfield code="b"> : diccionario ilustrado de la lengua española</subfield>
    </datafield>
    <datafield tag="260" ind1=" " ind2=" ">
      <subfield code="a">Barcelona</subfield>
      <subfield code="b"> : Sopena</subfield>
      <subfield code="c"> , 1977</subfield>
    </datafield>
    <datafield tag="650" ind1=" " ind2=" ">
      <subfield code="a"> ENCICLOPEDIA</subfield>
    </datafield>
    <datafield tag="942" ind1=" " ind2=" ">
      <subfield code="c">BK</subfield>
    </datafield>
    <datafield tag="952" ind1=" " ind2=" ">
      <subfield code="a">BIB_RECT</subfield>
      <subfield code="b">BIB_UASJ</subfield>
      <subfield code="d">2011-05-20</subfield>
      <subfield code="y">BK</subfield>
      <subfield code="p">04-40859</subfield>
      <subfield code="i">04-40859</subfield>
      <subfield code="g">360</subfield>
      <subfield code="o">R(031) E561en</subfield>
      <subfield code="e">UASJ</subfield>
      <subfield code="8">CR</subfield>
    </datafield>
    <datafield tag="952" ind1=" " ind2=" ">
      <subfield code="a">BIB_RECT</subfield>
      <subfield code="b">BIB_UASJ</subfield>
      <subfield code="d">2011-05-20</subfield>
      <subfield code="y">BK</subfield>
      <subfield code="p">04-40860</subfield>
      <subfield code="i">04-40860</subfield>
      <subfield code="g">360</subfield>
      <subfield code="o">R(031) E561en</subfield>
      <subfield code="e">UASJ</subfield>
      <subfield code="8">CR</subfield>
    </datafield>
    <datafield tag="952" ind1=" " ind2=" ">
      <subfield code="a">BIB_RECT</subfield>
      <subfield code="b">BIB_UASJ</subfield>
      <subfield code="d">2011-05-20</subfield>
      <subfield code="y">BK</subfield>
      <subfield code="p">04-40861</subfield>
      <subfield code="i">04-40861</subfield>
      <subfield code="g">360</subfield>
      <subfield code="o">R(031) E561en</subfield>
      <subfield code="e">UASJ</subfield>
      <subfield code="8">CR</subfield>
    </datafield>
    <datafield tag="952" ind1=" " ind2=" ">
      <subfield code="a">BIB_RECT</subfield>
      <subfield code="b">BIB_UASJ</subfield>
      <subfield code="d">2011-05-20</subfield>
      <subfield code="y">BK</subfield>
      <subfield code="p">04-40862</subfield>
      <subfield code="i">04-40862</subfield>
      <subfield code="g">360</subfield>
      <subfield code="o">R(031) E561en</subfield>
      <subfield code="e">UASJ</subfield>
      <subfield code="8">CR</subfield>
    </datafield>
  </record>