
  <record>
    <leader>01000aam  22002601a 4500</leader>
    <controlfield tag="001">YPZ94013</controlfield>
    <controlfield tag="003">YPZ</controlfield>
    <controlfield tag="005">201105201754060</controlfield>
    <controlfield tag="008">110520|###########||||||b||||||||||spa|d</controlfield>
    <datafield tag="020" ind1=" " ind2=" ">
      <subfield code="a">9879153006</subfield>
    </datafield>
    <datafield tag="040" ind1=" " ind2=" ">
      <subfield code="c">SIUNPA</subfield>
    </datafield>
    <datafield tag="041" ind1=" " ind2=" ">
      <subfield code="a">spa</subfield>
    </datafield>
    <datafield tag="044" ind1=" " ind2=" ">
      <subfield code="a">AR</subfield>
    </datafield>
    <datafield tag="080" ind1=" " ind2=" ">
      <subfield code="a">R912(82) N964n</subfield>
    </datafield>
    <datafield tag="245" ind1=" " ind2=" ">
      <subfield code="a">Nuevo atlas de la Argentina</subfield>
    </datafield>
    <datafield tag="260" ind1=" " ind2=" ">
      <subfield code="a">Buenos Aires</subfield>
      <subfield code="b"> : Clarín</subfield>
      <subfield code="c"> , 1996</subfield>
    </datafield>
    <datafield tag="500" ind1=" " ind2=" ">
      <subfield code="a">La biblioteca posee v.1</subfield>
    </datafield>
    <datafield tag="650" ind1=" " ind2=" ">
      <subfield code="a"> GEOGRAFIA ARGENTINA</subfield>
    </datafield>
    <datafield tag="650" ind1=" " ind2=" ">
      <subfield code="a"> ATLAS</subfield>
    </datafield>
    <datafield tag="942" ind1=" " ind2=" ">
      <subfield code="c">BK</subfield>
    </datafield>
    <datafield tag="952" ind1=" " ind2=" ">
      <subfield code="a">BIB_RECT</subfield>
      <subfield code="b">BIB_UART</subfield>
      <subfield code="d">2011-05-17</subfield>
      <subfield code="y">BK</subfield>
      <subfield code="p">03-00248</subfield>
      <subfield code="i">03-00248</subfield>
      <subfield code="g">84</subfield>
      <subfield code="o">R912(82) N964n</subfield>
      <subfield code="e">SUBSEC.TURISMO PCIA.STA.CRUZ</subfield>
      <subfield code="8">CR</subfield>
    </datafield>
    <datafield tag="952" ind1=" " ind2=" ">
      <subfield code="a">BIB_RECT</subfield>
      <subfield code="b">BIB_UASJ</subfield>
      <subfield code="d">2011-05-17</subfield>
      <subfield code="y">BK</subfield>
      <subfield code="p">04-40857</subfield>
      <subfield code="i">04-40857</subfield>
      <subfield code="g">84</subfield>
      <subfield code="o">R912(82) N964n</subfield>
      <subfield code="e">Desconocido</subfield>
      <subfield code="8">CR</subfield>
    </datafield>
  </record>