
  <record>
    <leader>01000aam  22002601a 4500</leader>
    <controlfield tag="001">YPZ94019</controlfield>
    <controlfield tag="003">YPZ</controlfield>
    <controlfield tag="005">201105261632580</controlfield>
    <controlfield tag="008">110526|###########||||||b||||||||||spa|d</controlfield>
    <datafield tag="020" ind1=" " ind2=" ">
      <subfield code="a">8476341784</subfield>
    </datafield>
    <datafield tag="040" ind1=" " ind2=" ">
      <subfield code="c">SIUNPA</subfield>
    </datafield>
    <datafield tag="041" ind1=" " ind2=" ">
      <subfield code="a">spa</subfield>
    </datafield>
    <datafield tag="044" ind1=" " ind2=" ">
      <subfield code="a">ES</subfield>
    </datafield>
    <datafield tag="080" ind1=" " ind2=" ">
      <subfield code="a">530.1 C288f</subfield>
    </datafield>
    <datafield tag="100" ind1=" " ind2=" ">
      <subfield code="a">Carnap, Rudolf.</subfield>
    </datafield>
    <datafield tag="245" ind1=" " ind2=" ">
      <subfield code="a">Fundamentación lógica de la Física</subfield>
      <subfield code="c"> / Miguens, Néstor, tr.</subfield>
    </datafield>
    <datafield tag="260" ind1=" " ind2=" ">
      <subfield code="a">Madrid</subfield>
      <subfield code="b"> : Orbis</subfield>
      <subfield code="c"> , 1985</subfield>
    </datafield>
    <datafield tag="440" ind1=" " ind2=" ">
      <subfield code="a">Serie Flacso</subfield>
      <subfield code="a">Las mesetas patagónicas</subfield>
      <subfield code="a">Biblioteca argentina de Filosofía</subfield>
      <subfield code="a">Historia del pensamiento</subfield>
      <subfield code="v">89</subfield>
    </datafield>
    <datafield tag="490" ind1=" " ind2=" ">
      <subfield code="a">Serie Flacso</subfield>
      <subfield code="a">Las mesetas patagónicas</subfield>
      <subfield code="a">Biblioteca argentina de Filosofía</subfield>
      <subfield code="a">Historia del pensamiento</subfield>
      <subfield code="v">89</subfield>
    </datafield>
    <datafield tag="650" ind1=" " ind2=" ">
      <subfield code="a"> FISICA</subfield>
    </datafield>
    <datafield tag="942" ind1=" " ind2=" ">
      <subfield code="c">BK</subfield>
    </datafield>
    <datafield tag="952" ind1=" " ind2=" ">
      <subfield code="a">BIB_RECT</subfield>
      <subfield code="b">BIB_UASJ</subfield>
      <subfield code="d">2011-05-26</subfield>
      <subfield code="y">BK</subfield>
      <subfield code="p">04-00108</subfield>
      <subfield code="i">04-00108</subfield>
      <subfield code="g">54</subfield>
      <subfield code="o">530.1 C288f</subfield>
      <subfield code="e">Desconocido</subfield>
      <subfield code="8">CG</subfield>
    </datafield>
    <datafield tag="952" ind1=" " ind2=" ">
      <subfield code="a">BIB_RECT</subfield>
      <subfield code="b">BIB_UARG</subfield>
      <subfield code="d">2011-05-26</subfield>
      <subfield code="y">BK</subfield>
      <subfield code="p">05-07074</subfield>
      <subfield code="i">05-07074</subfield>
      <subfield code="g">54</subfield>
      <subfield code="o">530.1 C288f</subfield>
      <subfield code="e">Migración UARG</subfield>
      <subfield code="8">CG</subfield>
    </datafield>
  </record>