
  <record>
    <leader>01000aam  22002601a 4500</leader>
    <controlfield tag="001">YPZ94030</controlfield>
    <controlfield tag="003">YPZ</controlfield>
    <controlfield tag="005">201105301539270</controlfield>
    <controlfield tag="008">110530|###########||||||b||||||||||spa|d</controlfield>
    <datafield tag="020" ind1=" " ind2=" ">
      <subfield code="a">8420550132</subfield>
    </datafield>
    <datafield tag="020" ind1=" " ind2=" ">
      <subfield code="a">9788420550138</subfield>
    </datafield>
    <datafield tag="040" ind1=" " ind2=" ">
      <subfield code="c">SIUNPA</subfield>
    </datafield>
    <datafield tag="041" ind1=" " ind2=" ">
      <subfield code="a">spa</subfield>
    </datafield>
    <datafield tag="044" ind1=" " ind2=" ">
      <subfield code="a">ES</subfield>
    </datafield>
    <datafield tag="080" ind1=" " ind2=" ">
      <subfield code="a">576.3 M965m6</subfield>
    </datafield>
    <datafield tag="100" ind1=" " ind2=" ">
      <subfield code="a">Becker, Wayne.</subfield>
    </datafield>
    <datafield tag="700" ind1=" " ind2=" ">
      <subfield code="a">Kleinsmith, Lewis J..</subfield>
    </datafield>
    <datafield tag="700" ind1=" " ind2=" ">
      <subfield code="a">Hardin, Jeff.</subfield>
    </datafield>
    <datafield tag="700" ind1=" " ind2=" ">
      <subfield code="a">Bertoni, Gregory Paul, colab. cap. 9-12.</subfield>
    </datafield>
    <datafield tag="245" ind1=" " ind2=" ">
      <subfield code="a">El mundo de la célula</subfield>
      <subfield code="b"> : sexta edición</subfield>
      <subfield code="c"> / Azcoitia Elías, Íñigo, tr. y rev. técnica ; Muñoz Céspedes, Alberto, tr. y rev. técnica ; Blázquez-Llorca, Lidia, tr. ; Cano Barquilla, María del Pilar, tr. ; Álamo Camuñas, Marta del, tr. ; Fernández Mateos, Pilar, tr. ; Veiga Herreros, Sergio, tr.</subfield>
    </datafield>
    <datafield tag="260" ind1=" " ind2=" ">
      <subfield code="a">Madrid</subfield>
      <subfield code="b"> : Pearson Educación</subfield>
      <subfield code="c"> , 2006</subfield>
    </datafield>
    <datafield tag="300" ind1=" " ind2=" ">
      <subfield code="a">211 p. : </subfield>
      <subfield code="a">330 p. : </subfield>
      <subfield code="b">il. ; </subfield>
      <subfield code="a">148 p. : </subfield>
      <subfield code="a">166 p. : </subfield>
      <subfield code="b">il. ; </subfield>
      <subfield code="a">xxxiii, 595 p. : </subfield>
      <subfield code="b">il. ; </subfield>
      <subfield code="a">vii, 632 p. : </subfield>
      <subfield code="b">il. ; </subfield>
      <subfield code="a">711 p. : </subfield>
      <subfield code="a">1789, xxxii p. : </subfield>
      <subfield code="b">il. ; </subfield>
      <subfield code="a">342, ix p. : </subfield>
      <subfield code="a">431 p. : </subfield>
      <subfield code="a">x, 584 p. : </subfield>
      <subfield code="a">xiv, 836 p. : </subfield>
      <subfield code="a">ix, 274 p. : </subfield>
      <subfield code="a">[1558] p. en varias paginaciones : </subfield>
      <subfield code="b">il. ; </subfield>
      <subfield code="a">xvi, 220 p. : </subfield>
      <subfield code="a">92 p. : </subfield>
      <subfield code="b">il. ; </subfield>
      <subfield code="a">xi, 1627 p. : </subfield>
      <subfield code="a">xv, 484 p. : </subfield>
      <subfield code="a">263 p. : </subfield>
      <subfield code="b">il. ; </subfield>
      <subfield code="a">145 p. : </subfield>
      <subfield code="b">il. ; </subfield>
      <subfield code="a">109 p. : </subfield>
      <subfield code="b">il. ; </subfield>
      <subfield code="a">323 p. : </subfield>
      <subfield code="b">il. ; </subfield>
      <subfield code="a">4 v. : </subfield>
      <subfield code="a">329 p. : </subfield>
      <subfield code="a">97 p. : </subfield>
      <subfield code="a">1005 p. : </subfield>
      <subfield code="a">3 v. : </subfield>
      <subfield code="b">il. ; </subfield>
      <subfield code="a">4 v. : </subfield>
      <subfield code="b">il. ; </subfield>
      <subfield code="a">x, 646 p. : </subfield>
      <subfield code="a">v. : </subfield>
      <subfield code="b">il. ; </subfield>
      <subfield code="a">xviii, 1597 p. : </subfield>
      <subfield code="a">v. : </subfield>
      <subfield code="b">il. ; </subfield>
      <subfield code="a">470 p. : </subfield>
      <subfield code="b">il. ; </subfield>
      <subfield code="a">389 p. : </subfield>
      <subfield code="a">253 p. : </subfield>
      <subfield code="b">il. ; </subfield>
      <subfield code="a">149 p. : </subfield>
      <subfield code="a">176 p. : </subfield>
      <subfield code="a">344 p. : </subfield>
      <subfield code="a">239 p. : </subfield>
      <subfield code="a">134 p. : </subfield>
      <subfield code="b">il. ; </subfield>
      <subfield code="a">232 p. : </subfield>
      <subfield code="a">864 p. : </subfield>
      <subfield code="b">il. ; </subfield>
      <subfield code="a">viii, 232 p. : </subfield>
      <subfield code="b">il. ; </subfield>
      <subfield code="a">749 p. : </subfield>
      <subfield code="b">il. ; </subfield>
      <subfield code="a">xxxi, 970 p. : </subfield>
      <subfield code="b">il. ; </subfield>
      <subfield code="e">1 CD-ROM en bolsillo</subfield>
    </datafield>
    <datafield tag="650" ind1=" " ind2=" ">
      <subfield code="a"> CELULA</subfield>
    </datafield>
    <datafield tag="650" ind1=" " ind2=" ">
      <subfield code="a"> CITOLOGIA</subfield>
    </datafield>
    <datafield tag="942" ind1=" " ind2=" ">
      <subfield code="c">BK</subfield>
    </datafield>
    <datafield tag="952" ind1=" " ind2=" ">
      <subfield code="a">BIB_RECT</subfield>
      <subfield code="b">BIB_UACO</subfield>
      <subfield code="d">2011-05-30</subfield>
      <subfield code="y">BK</subfield>
      <subfield code="p">02-40888</subfield>
      <subfield code="i">02-40888</subfield>
      <subfield code="g">413</subfield>
      <subfield code="o">576.3 M965m6</subfield>
      <subfield code="e">Compra UACO</subfield>
      <subfield code="8">CG</subfield>
    </datafield>
    <datafield tag="952" ind1=" " ind2=" ">
      <subfield code="a">BIB_RECT</subfield>
      <subfield code="b">BIB_UACO</subfield>
      <subfield code="d">2011-05-30</subfield>
      <subfield code="y">BK</subfield>
      <subfield code="p">02-40889</subfield>
      <subfield code="i">02-40889</subfield>
      <subfield code="g">413</subfield>
      <subfield code="o">576.3 M965m6</subfield>
      <subfield code="e">Compra UACO</subfield>
      <subfield code="8">CG</subfield>
    </datafield>
    <datafield tag="952" ind1=" " ind2=" ">
      <subfield code="a">BIB_RECT</subfield>
      <subfield code="b">BIB_UACO</subfield>
      <subfield code="d">2011-05-30</subfield>
      <subfield code="y">BK</subfield>
      <subfield code="p">02-40890</subfield>
      <subfield code="i">02-40890</subfield>
      <subfield code="g">413</subfield>
      <subfield code="o">576.3 M965m6</subfield>
      <subfield code="e">Compra UACO</subfield>
      <subfield code="8">CG</subfield>
    </datafield>
  </record>