
  <record>
    <leader>01000aam  22002601a 4500</leader>
    <controlfield tag="001">YPZ94033</controlfield>
    <controlfield tag="003">YPZ</controlfield>
    <controlfield tag="005">201105311454360</controlfield>
    <controlfield tag="008">110531|###########||||||b||||||||||spa|d</controlfield>
    <datafield tag="020" ind1=" " ind2=" ">
      <subfield code="a">9701055004</subfield>
    </datafield>
    <datafield tag="040" ind1=" " ind2=" ">
      <subfield code="c">SIUNPA</subfield>
    </datafield>
    <datafield tag="041" ind1=" " ind2=" ">
      <subfield code="a">spa</subfield>
    </datafield>
    <datafield tag="044" ind1=" " ind2=" ">
      <subfield code="a">MX</subfield>
    </datafield>
    <datafield tag="080" ind1=" " ind2=" ">
      <subfield code="a">65.01 C532i7</subfield>
    </datafield>
    <datafield tag="100" ind1=" " ind2=" ">
      <subfield code="a">Chiavenato, Idalberto.</subfield>
    </datafield>
    <datafield tag="245" ind1=" " ind2=" ">
      <subfield code="a">Introducción a la teoría general de la administración</subfield>
      <subfield code="b"> : séptima edición</subfield>
      <subfield code="c"> / Fuente Chávez, Carmen Leonor de la, tr. ; Montaño Serrano, Elizabeth Lidia, tr. ; Moreno Acuña, Maestro Andrés, rev. técnica</subfield>
    </datafield>
    <datafield tag="250" ind1=" " ind2=" ">
      <subfield code="a">7a ed.</subfield>
    </datafield>
    <datafield tag="260" ind1=" " ind2=" ">
      <subfield code="a">México, D.F.</subfield>
      <subfield code="b"> : McGraw-Hill</subfield>
      <subfield code="c"> , 2006</subfield>
    </datafield>
    <datafield tag="650" ind1=" " ind2=" ">
      <subfield code="a"> ADMINISTRACION DE EMPRESAS</subfield>
    </datafield>
    <datafield tag="650" ind1=" " ind2=" ">
      <subfield code="a"> EMPRESAS</subfield>
    </datafield>
    <datafield tag="650" ind1=" " ind2=" ">
      <subfield code="a"> TEORIA DE LA ORGANIZACION</subfield>
    </datafield>
    <datafield tag="650" ind1=" " ind2=" ">
      <subfield code="a"> TEORIAS DE LA ADMINISTRACION</subfield>
    </datafield>
    <datafield tag="942" ind1=" " ind2=" ">
      <subfield code="c">BK</subfield>
    </datafield>
    <datafield tag="952" ind1=" " ind2=" ">
      <subfield code="a">BIB_RECT</subfield>
      <subfield code="b">BIB_UACO</subfield>
      <subfield code="d">2011-05-31</subfield>
      <subfield code="y">BK</subfield>
      <subfield code="p">02-40904</subfield>
      <subfield code="i">02-40904</subfield>
      <subfield code="g">180</subfield>
      <subfield code="o">65.01 C532i7</subfield>
      <subfield code="e">Compra UACO</subfield>
      <subfield code="8">CG</subfield>
    </datafield>
    <datafield tag="952" ind1=" " ind2=" ">
      <subfield code="a">BIB_RECT</subfield>
      <subfield code="b">BIB_UACO</subfield>
      <subfield code="d">2011-05-31</subfield>
      <subfield code="y">BK</subfield>
      <subfield code="p">02-40905</subfield>
      <subfield code="i">02-40905</subfield>
      <subfield code="g">180</subfield>
      <subfield code="o">65.01 C532i7</subfield>
      <subfield code="e">Compra UACO</subfield>
      <subfield code="8">CG</subfield>
    </datafield>
    <datafield tag="952" ind1=" " ind2=" ">
      <subfield code="a">BIB_RECT</subfield>
      <subfield code="b">BIB_UACO</subfield>
      <subfield code="d">2011-05-31</subfield>
      <subfield code="y">BK</subfield>
      <subfield code="p">02-40906</subfield>
      <subfield code="i">02-40906</subfield>
      <subfield code="g">180</subfield>
      <subfield code="o">65.01 C532i7</subfield>
      <subfield code="e">Compra UACO</subfield>
      <subfield code="8">CG</subfield>
    </datafield>
    <datafield tag="952" ind1=" " ind2=" ">
      <subfield code="a">BIB_RECT</subfield>
      <subfield code="b">BIB_UACO</subfield>
      <subfield code="d">2011-05-31</subfield>
      <subfield code="y">BK</subfield>
      <subfield code="p">02-40907</subfield>
      <subfield code="i">02-40907</subfield>
      <subfield code="g">180</subfield>
      <subfield code="o">65.01 C532i7</subfield>
      <subfield code="e">Compra UACO</subfield>
      <subfield code="8">CG</subfield>
    </datafield>
    <datafield tag="952" ind1=" " ind2=" ">
      <subfield code="a">BIB_RECT</subfield>
      <subfield code="b">BIB_UACO</subfield>
      <subfield code="d">2011-05-31</subfield>
      <subfield code="y">BK</subfield>
      <subfield code="p">02-40908</subfield>
      <subfield code="i">02-40908</subfield>
      <subfield code="g">180</subfield>
      <subfield code="o">65.01 C532i7</subfield>
      <subfield code="e">Compra UACO</subfield>
      <subfield code="8">CG</subfield>
    </datafield>
    <datafield tag="952" ind1=" " ind2=" ">
      <subfield code="a">BIB_RECT</subfield>
      <subfield code="b">BIB_UACO</subfield>
      <subfield code="d">2011-05-31</subfield>
      <subfield code="y">BK</subfield>
      <subfield code="p">02-40909</subfield>
      <subfield code="i">02-40909</subfield>
      <subfield code="g">180</subfield>
      <subfield code="o">65.01 C532i7</subfield>
      <subfield code="e">Compra UACO</subfield>
      <subfield code="8">CG</subfield>
    </datafield>
    <datafield tag="952" ind1=" " ind2=" ">
      <subfield code="a">BIB_RECT</subfield>
      <subfield code="b">BIB_UACO</subfield>
      <subfield code="d">2011-05-31</subfield>
      <subfield code="y">BK</subfield>
      <subfield code="p">02-40910</subfield>
      <subfield code="i">02-40910</subfield>
      <subfield code="g">180</subfield>
      <subfield code="o">65.01 C532i7</subfield>
      <subfield code="e">Compra UACO</subfield>
      <subfield code="8">CG</subfield>
    </datafield>
    <datafield tag="952" ind1=" " ind2=" ">
      <subfield code="a">BIB_RECT</subfield>
      <subfield code="b">BIB_UACO</subfield>
      <subfield code="d">2011-05-31</subfield>
      <subfield code="y">BK</subfield>
      <subfield code="p">02-40911</subfield>
      <subfield code="i">02-40911</subfield>
      <subfield code="g">180</subfield>
      <subfield code="o">65.01 C532i7</subfield>
      <subfield code="e">Compra UACO</subfield>
      <subfield code="8">CG</subfield>
    </datafield>
    <datafield tag="952" ind1=" " ind2=" ">
      <subfield code="a">BIB_RECT</subfield>
      <subfield code="b">BIB_UACO</subfield>
      <subfield code="d">2011-05-31</subfield>
      <subfield code="y">BK</subfield>
      <subfield code="p">02-40912</subfield>
      <subfield code="i">02-40912</subfield>
      <subfield code="g">180</subfield>
      <subfield code="o">65.01 C532i7</subfield>
      <subfield code="e">Compra UACO</subfield>
      <subfield code="8">CG</subfield>
    </datafield>
    <datafield tag="952" ind1=" " ind2=" ">
      <subfield code="a">BIB_RECT</subfield>
      <subfield code="b">BIB_UACO</subfield>
      <subfield code="d">2011-05-31</subfield>
      <subfield code="y">BK</subfield>
      <subfield code="p">02-40913</subfield>
      <subfield code="i">02-40913</subfield>
      <subfield code="g">180</subfield>
      <subfield code="o">65.01 C532i7</subfield>
      <subfield code="e">Compra UACO</subfield>
      <subfield code="8">CG</subfield>
    </datafield>
  </record>