
  <record>
    <leader>01000aam  22002601a 4500</leader>
    <controlfield tag="001">YPZ94041</controlfield>
    <controlfield tag="003">YPZ</controlfield>
    <controlfield tag="005">201106011531010</controlfield>
    <controlfield tag="008">110601|###########||||||b||||||||||spa|d</controlfield>
    <datafield tag="020" ind1=" " ind2=" ">
      <subfield code="a">9789706868190</subfield>
    </datafield>
    <datafield tag="020" ind1=" " ind2=" ">
      <subfield code="a">9706868194</subfield>
    </datafield>
    <datafield tag="040" ind1=" " ind2=" ">
      <subfield code="c">SIUNPA</subfield>
    </datafield>
    <datafield tag="041" ind1=" " ind2=" ">
      <subfield code="a">spa</subfield>
    </datafield>
    <datafield tag="044" ind1=" " ind2=" ">
      <subfield code="a">MX</subfield>
    </datafield>
    <datafield tag="080" ind1=" " ind2=" ">
      <subfield code="a">330.8 B889h7</subfield>
    </datafield>
    <datafield tag="100" ind1=" " ind2=" ">
      <subfield code="a">Brue, Stanley L..</subfield>
    </datafield>
    <datafield tag="700" ind1=" " ind2=" ">
      <subfield code="a">Grant, Randy R..</subfield>
    </datafield>
    <datafield tag="245" ind1=" " ind2=" ">
      <subfield code="a">Historia del pensamiento económico</subfield>
      <subfield code="b"> : séptima edición</subfield>
      <subfield code="c"> / Meza Staines, Guadalupe, tr. ; González Molina, Rodolfo Iván, rev. técnica</subfield>
    </datafield>
    <datafield tag="250" ind1=" " ind2=" ">
      <subfield code="a">7a ed.</subfield>
    </datafield>
    <datafield tag="260" ind1=" " ind2=" ">
      <subfield code="a">México, D.F.</subfield>
      <subfield code="b"> : Cengage Learning</subfield>
      <subfield code="c"> , 2009</subfield>
    </datafield>
    <datafield tag="650" ind1=" " ind2=" ">
      <subfield code="a"> HISTORIA ECONOMICA</subfield>
    </datafield>
    <datafield tag="650" ind1=" " ind2=" ">
      <subfield code="a"> DOCTRINA ECONOMICA</subfield>
    </datafield>
    <datafield tag="650" ind1=" " ind2=" ">
      <subfield code="a"> PENSAMIENTO ECONOMICO</subfield>
    </datafield>
    <datafield tag="650" ind1=" " ind2=" ">
      <subfield code="a"> TEORIA ECONOMICA</subfield>
    </datafield>
    <datafield tag="942" ind1=" " ind2=" ">
      <subfield code="c">BK</subfield>
    </datafield>
    <datafield tag="952" ind1=" " ind2=" ">
      <subfield code="a">BIB_RECT</subfield>
      <subfield code="b">BIB_UARG</subfield>
      <subfield code="d">2011-06-01</subfield>
      <subfield code="y">BK</subfield>
      <subfield code="p">05-40916</subfield>
      <subfield code="i">05-40916</subfield>
      <subfield code="g">140</subfield>
      <subfield code="o">330.8 B889h7</subfield>
      <subfield code="e">Compra UARG/11</subfield>
      <subfield code="8">CG</subfield>
    </datafield>
    <datafield tag="952" ind1=" " ind2=" ">
      <subfield code="a">BIB_RECT</subfield>
      <subfield code="b">BIB_UARG</subfield>
      <subfield code="d">2011-06-01</subfield>
      <subfield code="y">BK</subfield>
      <subfield code="p">05-40917</subfield>
      <subfield code="i">05-40917</subfield>
      <subfield code="g">140</subfield>
      <subfield code="o">330.8 B889h7</subfield>
      <subfield code="e">Compra UARG/11</subfield>
      <subfield code="8">CG</subfield>
    </datafield>
    <datafield tag="952" ind1=" " ind2=" ">
      <subfield code="a">BIB_RECT</subfield>
      <subfield code="b">BIB_UARG</subfield>
      <subfield code="d">2011-06-01</subfield>
      <subfield code="y">BK</subfield>
      <subfield code="p">05-40918</subfield>
      <subfield code="i">05-40918</subfield>
      <subfield code="g">140</subfield>
      <subfield code="o">330.8 B889h7</subfield>
      <subfield code="e">Compra UARG/11</subfield>
      <subfield code="8">CG</subfield>
    </datafield>
    <datafield tag="952" ind1=" " ind2=" ">
      <subfield code="a">BIB_RECT</subfield>
      <subfield code="b">BIB_UARG</subfield>
      <subfield code="d">2011-06-01</subfield>
      <subfield code="y">BK</subfield>
      <subfield code="p">05-40919</subfield>
      <subfield code="i">05-40919</subfield>
      <subfield code="g">140</subfield>
      <subfield code="o">330.8 B889h7</subfield>
      <subfield code="e">Compra UARG/11</subfield>
      <subfield code="8">CG</subfield>
    </datafield>
    <datafield tag="952" ind1=" " ind2=" ">
      <subfield code="a">BIB_RECT</subfield>
      <subfield code="b">BIB_UARG</subfield>
      <subfield code="d">2011-06-01</subfield>
      <subfield code="y">BK</subfield>
      <subfield code="p">05-40920</subfield>
      <subfield code="i">05-40920</subfield>
      <subfield code="g">140</subfield>
      <subfield code="o">330.8 B889h7</subfield>
      <subfield code="e">Compra UARG/11</subfield>
      <subfield code="8">CG</subfield>
    </datafield>
    <datafield tag="952" ind1=" " ind2=" ">
      <subfield code="a">BIB_RECT</subfield>
      <subfield code="b">BIB_UARG</subfield>
      <subfield code="d">2011-06-01</subfield>
      <subfield code="y">BK</subfield>
      <subfield code="p">05-40921</subfield>
      <subfield code="i">05-40921</subfield>
      <subfield code="g">140</subfield>
      <subfield code="o">330.8 B889h7</subfield>
      <subfield code="e">Compra UARG/11</subfield>
      <subfield code="8">CG</subfield>
    </datafield>
    <datafield tag="952" ind1=" " ind2=" ">
      <subfield code="a">BIB_RECT</subfield>
      <subfield code="b">BIB_UARG</subfield>
      <subfield code="d">2012-02-23</subfield>
      <subfield code="y">BK</subfield>
      <subfield code="p">05-42045</subfield>
      <subfield code="i">05-42045</subfield>
      <subfield code="g">115.2</subfield>
      <subfield code="o">330.8 B889h7</subfield>
      <subfield code="e">Compra SIUNPA</subfield>
      <subfield code="8">CG</subfield>
    </datafield>
    <datafield tag="952" ind1=" " ind2=" ">
      <subfield code="a">BIB_RECT</subfield>
      <subfield code="b">BIB_UARG</subfield>
      <subfield code="d">2012-02-23</subfield>
      <subfield code="y">BK</subfield>
      <subfield code="p">05-42046</subfield>
      <subfield code="i">05-42046</subfield>
      <subfield code="g">115.2</subfield>
      <subfield code="o">330.8 B889h7</subfield>
      <subfield code="e">Compra SIUNPA</subfield>
      <subfield code="8">CG</subfield>
    </datafield>
    <datafield tag="952" ind1=" " ind2=" ">
      <subfield code="a">BIB_RECT</subfield>
      <subfield code="b">BIB_UARG</subfield>
      <subfield code="d">2012-02-23</subfield>
      <subfield code="y">BK</subfield>
      <subfield code="p">05-42047</subfield>
      <subfield code="i">05-42047</subfield>
      <subfield code="g">115.2</subfield>
      <subfield code="o">330.8 B889h7</subfield>
      <subfield code="e">Compra SIUNPA</subfield>
      <subfield code="8">CG</subfield>
    </datafield>
    <datafield tag="952" ind1=" " ind2=" ">
      <subfield code="a">BIB_RECT</subfield>
      <subfield code="b">BIB_UARG</subfield>
      <subfield code="d">2012-02-23</subfield>
      <subfield code="y">BK</subfield>
      <subfield code="p">05-42048</subfield>
      <subfield code="i">05-42048</subfield>
      <subfield code="g">115.2</subfield>
      <subfield code="o">330.8 B889h7</subfield>
      <subfield code="e">Compra SIUNPA</subfield>
      <subfield code="8">CG</subfield>
    </datafield>
    <datafield tag="952" ind1=" " ind2=" ">
      <subfield code="a">BIB_RECT</subfield>
      <subfield code="b">BIB_UARG</subfield>
      <subfield code="d">2012-02-23</subfield>
      <subfield code="y">BK</subfield>
      <subfield code="p">05-42049</subfield>
      <subfield code="i">05-42049</subfield>
      <subfield code="g">115.2</subfield>
      <subfield code="o">330.8 B889h7</subfield>
      <subfield code="e">Compra SIUNPA</subfield>
      <subfield code="8">CG</subfield>
    </datafield>
  </record>