
  <record>
    <leader>01000aam  22002601a 4500</leader>
    <controlfield tag="001">YPZ94080</controlfield>
    <controlfield tag="003">YPZ</controlfield>
    <controlfield tag="005">201106080948570</controlfield>
    <controlfield tag="008">110608|###########||||||b||||||||||spa|d</controlfield>
    <datafield tag="020" ind1=" " ind2=" ">
      <subfield code="a">8448701720 (v.45)</subfield>
    </datafield>
    <datafield tag="040" ind1=" " ind2=" ">
      <subfield code="c">SIUNPA</subfield>
    </datafield>
    <datafield tag="041" ind1=" " ind2=" ">
      <subfield code="a">spa</subfield>
    </datafield>
    <datafield tag="044" ind1=" " ind2=" ">
      <subfield code="a">ES</subfield>
    </datafield>
    <datafield tag="080" ind1=" " ind2=" ">
      <subfield code="a">101.1 A241a</subfield>
    </datafield>
    <datafield tag="100" ind1=" " ind2=" ">
      <subfield code="a">Adorno, Theodor W..</subfield>
    </datafield>
    <datafield tag="245" ind1=" " ind2=" ">
      <subfield code="a">Actualidad de la filosofía</subfield>
      <subfield code="c"> / Arantegui Tamayo, José Luis, tr.</subfield>
    </datafield>
    <datafield tag="260" ind1=" " ind2=" ">
      <subfield code="a">Barcelona</subfield>
      <subfield code="b"> : Altaya</subfield>
      <subfield code="c"> , 1994</subfield>
    </datafield>
    <datafield tag="440" ind1=" " ind2=" ">
      <subfield code="a">Protagonistas de América</subfield>
      <subfield code="a">Protagonistas de América</subfield>
      <subfield code="a">Protagonistas de América</subfield>
      <subfield code="a">Protagonistas de América</subfield>
      <subfield code="a">Protagonistas de América</subfield>
      <subfield code="a">Protagonistas de América</subfield>
      <subfield code="a">Protagonistas de América</subfield>
      <subfield code="a">Protagonistas de América</subfield>
      <subfield code="a">Grandes obras del pensamiento</subfield>
      <subfield code="v">45</subfield>
    </datafield>
    <datafield tag="490" ind1=" " ind2=" ">
      <subfield code="a">Protagonistas de América</subfield>
      <subfield code="a">Protagonistas de América</subfield>
      <subfield code="a">Protagonistas de América</subfield>
      <subfield code="a">Protagonistas de América</subfield>
      <subfield code="a">Protagonistas de América</subfield>
      <subfield code="a">Protagonistas de América</subfield>
      <subfield code="a">Protagonistas de América</subfield>
      <subfield code="a">Protagonistas de América</subfield>
      <subfield code="a">Grandes obras del pensamiento</subfield>
      <subfield code="v">45</subfield>
    </datafield>
    <datafield tag="650" ind1=" " ind2=" ">
      <subfield code="a"> FILOSOFIA</subfield>
    </datafield>
    <datafield tag="942" ind1=" " ind2=" ">
      <subfield code="c">BK</subfield>
    </datafield>
    <datafield tag="952" ind1=" " ind2=" ">
      <subfield code="a">BIB_RECT</subfield>
      <subfield code="b">BIB_UARG</subfield>
      <subfield code="d">2011-06-08</subfield>
      <subfield code="y">BK</subfield>
      <subfield code="p">05-40986</subfield>
      <subfield code="i">05-40986</subfield>
      <subfield code="g">55</subfield>
      <subfield code="o">101.1 A241a</subfield>
      <subfield code="e">Otto Pedersen, Guillermo/09</subfield>
      <subfield code="8">CG</subfield>
    </datafield>
  </record>