
  <record>
    <leader>01000aam  22002601a 4500</leader>
    <controlfield tag="001">YPZ94082</controlfield>
    <controlfield tag="003">YPZ</controlfield>
    <controlfield tag="005">201106081107140</controlfield>
    <controlfield tag="008">110608|###########||||||b||||||||||spa|d</controlfield>
    <datafield tag="020" ind1=" " ind2=" ">
      <subfield code="a">8488424868 (o.c.)</subfield>
    </datafield>
    <datafield tag="020" ind1=" " ind2=" ">
      <subfield code="a">8488424868 (t.1)</subfield>
    </datafield>
    <datafield tag="020" ind1=" " ind2=" ">
      <subfield code="a">8488424876 (t.2)</subfield>
    </datafield>
    <datafield tag="040" ind1=" " ind2=" ">
      <subfield code="c">SIUNPA</subfield>
    </datafield>
    <datafield tag="041" ind1=" " ind2=" ">
      <subfield code="a">spa</subfield>
    </datafield>
    <datafield tag="044" ind1=" " ind2=" ">
      <subfield code="a">ES</subfield>
    </datafield>
    <datafield tag="080" ind1=" " ind2=" ">
      <subfield code="a">343.611 M268m</subfield>
    </datafield>
    <datafield tag="100" ind1=" " ind2=" ">
      <subfield code="a">Manchester, William.</subfield>
    </datafield>
    <datafield tag="245" ind1=" " ind2=" ">
      <subfield code="a">La muerte de un presidente</subfield>
      <subfield code="c"> / Carandell, Luis, tr.</subfield>
    </datafield>
    <datafield tag="260" ind1=" " ind2=" ">
      <subfield code="a">Madrid</subfield>
      <subfield code="b"> : Globus</subfield>
      <subfield code="c"> , 1994</subfield>
    </datafield>
    <datafield tag="440" ind1=" " ind2=" ">
      <subfield code="a">Los grandes temas de la Historia</subfield>
      <subfield code="v">2-3</subfield>
    </datafield>
    <datafield tag="490" ind1=" " ind2=" ">
      <subfield code="a">Los grandes temas de la Historia</subfield>
      <subfield code="v">2-3</subfield>
    </datafield>
    <datafield tag="505" ind1=" " ind2=" ">
      <subfield code="a">En cub.: El asesinato de Kennedy según los testigos más directos. Un documento de fuentes privilegiadas, contemporáneo a la muerte de Kennedy</subfield>
    </datafield>
    <datafield tag="650" ind1=" " ind2=" ">
      <subfield code="a"> HISTORIA DE ESTADOS UNIDOS</subfield>
    </datafield>
    <datafield tag="650" ind1=" " ind2=" ">
      <subfield code="a"> HOMICIDIO</subfield>
    </datafield>
    <datafield tag="650" ind1=" " ind2=" ">
      <subfield code="a"> KENNEDY, JOHN FITZGERALD (1917 –1963)</subfield>
    </datafield>
    <datafield tag="650" ind1=" " ind2=" ">
      <subfield code="a"> SIGLO XX</subfield>
    </datafield>
    <datafield tag="942" ind1=" " ind2=" ">
      <subfield code="c">BK</subfield>
    </datafield>
    <datafield tag="952" ind1=" " ind2=" ">
      <subfield code="a">BIB_RECT</subfield>
      <subfield code="b">BIB_UARG</subfield>
      <subfield code="d">2011-06-08</subfield>
      <subfield code="y">BK</subfield>
      <subfield code="p">05-40961</subfield>
      <subfield code="i">05-40961</subfield>
      <subfield code="g">70</subfield>
      <subfield code="o">343.611 M268m</subfield>
      <subfield code="e">Otto Pedersen, Guillermo/09</subfield>
      <subfield code="8">CG</subfield>
    </datafield>
    <datafield tag="952" ind1=" " ind2=" ">
      <subfield code="a">BIB_RECT</subfield>
      <subfield code="b">BIB_UARG</subfield>
      <subfield code="d">2011-06-08</subfield>
      <subfield code="y">BK</subfield>
      <subfield code="p">05-40962</subfield>
      <subfield code="i">05-40962</subfield>
      <subfield code="g">70</subfield>
      <subfield code="o">343.611 M268m</subfield>
      <subfield code="e">Otto Pedersen, Guillermo/09</subfield>
      <subfield code="8">CG</subfield>
    </datafield>
    <datafield tag="952" ind1=" " ind2=" ">
      <subfield code="a">BIB_RECT</subfield>
      <subfield code="b">BIB_UARG</subfield>
      <subfield code="d">2011-08-01</subfield>
      <subfield code="y">BK</subfield>
      <subfield code="p">05-41241</subfield>
      <subfield code="i">05-41241</subfield>
      <subfield code="g">70</subfield>
      <subfield code="o">343.611 M268m</subfield>
      <subfield code="e">Don Prof. Jaremchuck, Daniel/10</subfield>
      <subfield code="8">CG</subfield>
    </datafield>
  </record>