
  <record>
    <leader>01000aam  22002601a 4500</leader>
    <controlfield tag="001">YPZ94098</controlfield>
    <controlfield tag="003">YPZ</controlfield>
    <controlfield tag="005">201106091811140</controlfield>
    <controlfield tag="008">110609|###########||||||b||||||||||spa|d</controlfield>
    <datafield tag="020" ind1=" " ind2=" ">
      <subfield code="a">9506141320</subfield>
    </datafield>
    <datafield tag="040" ind1=" " ind2=" ">
      <subfield code="c">SIUNPA</subfield>
    </datafield>
    <datafield tag="041" ind1=" " ind2=" ">
      <subfield code="a">spa</subfield>
    </datafield>
    <datafield tag="044" ind1=" " ind2=" ">
      <subfield code="a">AR</subfield>
    </datafield>
    <datafield tag="080" ind1=" " ind2=" ">
      <subfield code="a">330.34 B344c</subfield>
    </datafield>
    <datafield tag="100" ind1=" " ind2=" ">
      <subfield code="a">Bauer, P.T..</subfield>
    </datafield>
    <datafield tag="245" ind1=" " ind2=" ">
      <subfield code="a">Crítica de la teoría del desarrollo</subfield>
      <subfield code="c"> / Donatelli, Paolo, tr. ; Costa, Graziella, tr. ; García-Durán, José, tr.</subfield>
    </datafield>
    <datafield tag="250" ind1=" " ind2=" ">
      <subfield code="a">1a ed.</subfield>
    </datafield>
    <datafield tag="260" ind1=" " ind2=" ">
      <subfield code="a">Madrid</subfield>
      <subfield code="a">Buenos Aires</subfield>
      <subfield code="b"> : Orbis</subfield>
      <subfield code="b"> : Hyspamérica</subfield>
      <subfield code="c"> , 1983</subfield>
    </datafield>
    <datafield tag="440" ind1=" " ind2=" ">
      <subfield code="a">Biblioteca de Economía / Hyspamérica</subfield>
      <subfield code="v">11</subfield>
    </datafield>
    <datafield tag="490" ind1=" " ind2=" ">
      <subfield code="a">Biblioteca de Economía / Hyspamérica</subfield>
      <subfield code="v">11</subfield>
    </datafield>
    <datafield tag="650" ind1=" " ind2=" ">
      <subfield code="a"> TEORIAS ECONOMICAS</subfield>
    </datafield>
    <datafield tag="650" ind1=" " ind2=" ">
      <subfield code="a"> DESARROLLO ECONOMICO Y SOCIAL</subfield>
    </datafield>
    <datafield tag="942" ind1=" " ind2=" ">
      <subfield code="c">BK</subfield>
    </datafield>
    <datafield tag="952" ind1=" " ind2=" ">
      <subfield code="a">BIB_RECT</subfield>
      <subfield code="b">BIB_UARG</subfield>
      <subfield code="d">2011-06-09</subfield>
      <subfield code="y">BK</subfield>
      <subfield code="p">04-00962</subfield>
      <subfield code="i">04-00962</subfield>
      <subfield code="g">75</subfield>
      <subfield code="o">330.34 B344c</subfield>
      <subfield code="e">Donación</subfield>
      <subfield code="8">CG</subfield>
    </datafield>
    <datafield tag="952" ind1=" " ind2=" ">
      <subfield code="a">BIB_RECT</subfield>
      <subfield code="b">BIB_UARG</subfield>
      <subfield code="d">2011-06-09</subfield>
      <subfield code="y">BK</subfield>
      <subfield code="p">05-09924</subfield>
      <subfield code="i">05-09924</subfield>
      <subfield code="g">75</subfield>
      <subfield code="o">330.34 B344c</subfield>
      <subfield code="e">Raúl Astegiano</subfield>
      <subfield code="8">CG</subfield>
    </datafield>
    <datafield tag="952" ind1=" " ind2=" ">
      <subfield code="a">BIB_RECT</subfield>
      <subfield code="b">BIB_UARG</subfield>
      <subfield code="d">2011-06-09</subfield>
      <subfield code="y">BK</subfield>
      <subfield code="p">05-41016</subfield>
      <subfield code="i">05-41016</subfield>
      <subfield code="g">75</subfield>
      <subfield code="o">330.34 B344c</subfield>
      <subfield code="e">Otto Pedersen, Guillermo/09</subfield>
      <subfield code="8">CG</subfield>
    </datafield>
  </record>