
  <record>
    <leader>01000aam  22002601a 4500</leader>
    <controlfield tag="001">YPZ94102</controlfield>
    <controlfield tag="003">YPZ</controlfield>
    <controlfield tag="005">201106141618590</controlfield>
    <controlfield tag="008">110614|###########||||||b||||||||||spa|d</controlfield>
    <datafield tag="020" ind1=" " ind2=" ">
      <subfield code="a">8449972515 (v.1)</subfield>
    </datafield>
    <datafield tag="020" ind1=" " ind2=" ">
      <subfield code="a">8449973953 (v.2)</subfield>
    </datafield>
    <datafield tag="040" ind1=" " ind2=" ">
      <subfield code="c">SIUNPA</subfield>
    </datafield>
    <datafield tag="041" ind1=" " ind2=" ">
      <subfield code="a">spa</subfield>
    </datafield>
    <datafield tag="044" ind1=" " ind2=" ">
      <subfield code="a">ES</subfield>
    </datafield>
    <datafield tag="080" ind1=" " ind2=" ">
      <subfield code="a">330.8 H466v</subfield>
    </datafield>
    <datafield tag="100" ind1=" " ind2=" ">
      <subfield code="a">Heilbroner, Robert L..</subfield>
    </datafield>
    <datafield tag="245" ind1=" " ind2=" ">
      <subfield code="a">Vida y doctrina de los grandes economistas</subfield>
      <subfield code="c"> / García-Durán, José, tr.</subfield>
    </datafield>
    <datafield tag="260" ind1=" " ind2=" ">
      <subfield code="a">Madrid</subfield>
      <subfield code="a">Buenos Aires</subfield>
      <subfield code="b"> : Orbis</subfield>
      <subfield code="b"> : Hyspamérica</subfield>
      <subfield code="c"> , 1984</subfield>
    </datafield>
    <datafield tag="440" ind1=" " ind2=" ">
      <subfield code="a">Biblioteca de Economía / Hyspamérica</subfield>
      <subfield code="v">14-15</subfield>
    </datafield>
    <datafield tag="490" ind1=" " ind2=" ">
      <subfield code="a">Biblioteca de Economía / Hyspamérica</subfield>
      <subfield code="v">14-15</subfield>
    </datafield>
    <datafield tag="650" ind1=" " ind2=" ">
      <subfield code="a"> TEORIAS ECONOMICAS</subfield>
    </datafield>
    <datafield tag="650" ind1=" " ind2=" ">
      <subfield code="a"> ECONOMISTAS</subfield>
    </datafield>
    <datafield tag="942" ind1=" " ind2=" ">
      <subfield code="c">BK</subfield>
    </datafield>
    <datafield tag="952" ind1=" " ind2=" ">
      <subfield code="a">BIB_RECT</subfield>
      <subfield code="b">BIB_UARG</subfield>
      <subfield code="d">2011-06-06</subfield>
      <subfield code="y">BK</subfield>
      <subfield code="p">05-09926</subfield>
      <subfield code="i">05-09926</subfield>
      <subfield code="g">40</subfield>
      <subfield code="o">330.8 H466v</subfield>
      <subfield code="e">Donación Astegiano, Raúl</subfield>
      <subfield code="8">CG</subfield>
    </datafield>
    <datafield tag="952" ind1=" " ind2=" ">
      <subfield code="a">BIB_RECT</subfield>
      <subfield code="b">BIB_UARG</subfield>
      <subfield code="d">2011-06-06</subfield>
      <subfield code="y">BK</subfield>
      <subfield code="p">05-09927</subfield>
      <subfield code="i">05-09927</subfield>
      <subfield code="g">40</subfield>
      <subfield code="o">330.8 H466v</subfield>
      <subfield code="e">Donación Astegiano, Raúl</subfield>
      <subfield code="8">CG</subfield>
    </datafield>
    <datafield tag="952" ind1=" " ind2=" ">
      <subfield code="a">BIB_RECT</subfield>
      <subfield code="b">BIB_UARG</subfield>
      <subfield code="d">2011-06-06</subfield>
      <subfield code="y">BK</subfield>
      <subfield code="p">05-41017</subfield>
      <subfield code="i">05-41017</subfield>
      <subfield code="g">40</subfield>
      <subfield code="o">330.8 H466v</subfield>
      <subfield code="e">Otto Pedersen, Guillermo/09</subfield>
      <subfield code="8">CG</subfield>
    </datafield>
    <datafield tag="952" ind1=" " ind2=" ">
      <subfield code="a">BIB_RECT</subfield>
      <subfield code="b">BIB_UARG</subfield>
      <subfield code="d">2011-06-06</subfield>
      <subfield code="y">BK</subfield>
      <subfield code="p">05-41018</subfield>
      <subfield code="i">05-41018</subfield>
      <subfield code="g">40</subfield>
      <subfield code="o">330.8 H466v</subfield>
      <subfield code="e">Otto Pedersen, Guillermo/09</subfield>
      <subfield code="8">CG</subfield>
    </datafield>
  </record>