
  <record>
    <leader>01000aam  22002601a 4500</leader>
    <controlfield tag="001">YPZ94143</controlfield>
    <controlfield tag="003">YPZ</controlfield>
    <controlfield tag="005">201106271450310</controlfield>
    <controlfield tag="008">110627|###########||||||b||||||||||spa|d</controlfield>
    <datafield tag="020" ind1=" " ind2=" ">
      <subfield code="a">9789871304523</subfield>
    </datafield>
    <datafield tag="040" ind1=" " ind2=" ">
      <subfield code="c">SIUNPA</subfield>
    </datafield>
    <datafield tag="041" ind1=" " ind2=" ">
      <subfield code="a">spa</subfield>
    </datafield>
    <datafield tag="044" ind1=" " ind2=" ">
      <subfield code="a">AR</subfield>
    </datafield>
    <datafield tag="080" ind1=" " ind2=" ">
      <subfield code="a">37(091) E244e</subfield>
    </datafield>
    <datafield tag="100" ind1=" " ind2=" ">
      <subfield code="a">Pierini, María de los Milagros.</subfield>
    </datafield>
    <datafield tag="700" ind1=" " ind2=" ">
      <subfield code="a">Rotman, Silvio G..</subfield>
    </datafield>
    <datafield tag="700" ind1=" " ind2=" ">
      <subfield code="a">Rozas, Dina Noemí.</subfield>
    </datafield>
    <datafield tag="700" ind1=" " ind2=" ">
      <subfield code="a">Navas, Pablo D..</subfield>
    </datafield>
    <datafield tag="700" ind1=" " ind2=" ">
      <subfield code="a">Ruiz, Juan Domingo.</subfield>
    </datafield>
    <datafield tag="700" ind1=" " ind2=" ">
      <subfield code="a">Ciselli, Graciela.</subfield>
    </datafield>
    <datafield tag="700" ind1=" " ind2=" ">
      <subfield code="a">Sarasa, Ariel Nicolás.</subfield>
    </datafield>
    <datafield tag="700" ind1=" " ind2=" ">
      <subfield code="a">Oriola, Jorge O..</subfield>
    </datafield>
    <datafield tag="700" ind1=" " ind2=" ">
      <subfield code="a">Carrizo, Gabriel.</subfield>
    </datafield>
    <datafield tag="245" ind1=" " ind2=" ">
      <subfield code="a">Educación en la Patagonia Austral</subfield>
      <subfield code="b"> : el rol del estado</subfield>
      <subfield code="c"> / Ossanna, Edgardo O., dir. ; Rozas, Dina Noemí, coord.</subfield>
    </datafield>
    <datafield tag="250" ind1=" " ind2=" ">
      <subfield code="a">1a ed.</subfield>
    </datafield>
    <datafield tag="260" ind1=" " ind2=" ">
      <subfield code="a">Rosario</subfield>
      <subfield code="a">Río Gallegos</subfield>
      <subfield code="b"> : Prohistoria</subfield>
      <subfield code="b"> : Universidad Nacional de la Patagonia Austral, UNPA. Área de Historia de la Educación en la Patagonia Austral</subfield>
      <subfield code="c"> , 2010</subfield>
    </datafield>
    <datafield tag="440" ind1=" " ind2=" ">
      <subfield code="a">Autores, textos y temas. Teoría e historia de las artes</subfield>
      <subfield code="a">Historia de la educación en la Patagonia austral</subfield>
      <subfield code="v">t. 3</subfield>
    </datafield>
    <datafield tag="490" ind1=" " ind2=" ">
      <subfield code="a">Autores, textos y temas. Teoría e historia de las artes</subfield>
      <subfield code="a">Historia de la educación en la Patagonia austral</subfield>
      <subfield code="v">t. 3</subfield>
    </datafield>
    <datafield tag="650" ind1=" " ind2=" ">
      <subfield code="a"> HISTORIA DE LA EDUCACION</subfield>
    </datafield>
    <datafield tag="650" ind1=" " ind2=" ">
      <subfield code="a"> EDUCACION CRISTIANA </subfield>
    </datafield>
    <datafield tag="650" ind1=" " ind2=" ">
      <subfield code="a"> EDUCACION CORRECCIONAL</subfield>
    </datafield>
    <datafield tag="650" ind1=" " ind2=" ">
      <subfield code="a"> ESCUELAS PRIVADAS </subfield>
    </datafield>
    <datafield tag="650" ind1=" " ind2=" ">
      <subfield code="a"> SALESIANOS </subfield>
    </datafield>
    <datafield tag="650" ind1=" " ind2=" ">
      <subfield code="a"> CARCELES</subfield>
    </datafield>
    <datafield tag="650" ind1=" " ind2=" ">
      <subfield code="a"> SANTA CRUZ (ARGENTINA)</subfield>
    </datafield>
    <datafield tag="650" ind1=" " ind2=" ">
      <subfield code="a"> REGION PATAGONICA</subfield>
    </datafield>
    <datafield tag="942" ind1=" " ind2=" ">
      <subfield code="c">BK</subfield>
    </datafield>
    <datafield tag="952" ind1=" " ind2=" ">
      <subfield code="a">BIB_RECT</subfield>
      <subfield code="b">BIB_UACO</subfield>
      <subfield code="d">2012-05-23</subfield>
      <subfield code="y">BK</subfield>
      <subfield code="p">02-42516</subfield>
      <subfield code="i">02-42516</subfield>
      <subfield code="g">100</subfield>
      <subfield code="o">37(091) E244e</subfield>
      <subfield code="e">Secretaría de Extensión Universitaria</subfield>
      <subfield code="8">CG</subfield>
    </datafield>
    <datafield tag="952" ind1=" " ind2=" ">
      <subfield code="a">BIB_RECT</subfield>
      <subfield code="b">BIB_UACO</subfield>
      <subfield code="d">2012-05-23</subfield>
      <subfield code="y">BK</subfield>
      <subfield code="p">02-42517</subfield>
      <subfield code="i">02-42517</subfield>
      <subfield code="g">100</subfield>
      <subfield code="o">37(091) E244e</subfield>
      <subfield code="e">Secretaría de Extensión Universitaria</subfield>
      <subfield code="8">CG</subfield>
    </datafield>
    <datafield tag="952" ind1=" " ind2=" ">
      <subfield code="a">BIB_RECT</subfield>
      <subfield code="b">BIB_UACO</subfield>
      <subfield code="d">2012-05-23</subfield>
      <subfield code="y">BK</subfield>
      <subfield code="p">02-42518</subfield>
      <subfield code="i">02-42518</subfield>
      <subfield code="g">100</subfield>
      <subfield code="o">37(091) E244e</subfield>
      <subfield code="e">Secretaría de Extensión Universitaria</subfield>
      <subfield code="8">CG</subfield>
    </datafield>
    <datafield tag="952" ind1=" " ind2=" ">
      <subfield code="a">BIB_RECT</subfield>
      <subfield code="b">BIB_UACO</subfield>
      <subfield code="d">2012-05-23</subfield>
      <subfield code="y">BK</subfield>
      <subfield code="p">02-42519</subfield>
      <subfield code="i">02-42519</subfield>
      <subfield code="g">100</subfield>
      <subfield code="o">37(091) E244e</subfield>
      <subfield code="e">Secretaría de Extensión Universitaria</subfield>
      <subfield code="8">CG</subfield>
    </datafield>
    <datafield tag="952" ind1=" " ind2=" ">
      <subfield code="a">BIB_RECT</subfield>
      <subfield code="b">BIB_UACO</subfield>
      <subfield code="d">2012-05-23</subfield>
      <subfield code="y">BK</subfield>
      <subfield code="p">02-42520</subfield>
      <subfield code="i">02-42520</subfield>
      <subfield code="g">100</subfield>
      <subfield code="o">37(091) E244e</subfield>
      <subfield code="e">Secretaría de Extensión Universitaria</subfield>
      <subfield code="8">CG</subfield>
    </datafield>
    <datafield tag="952" ind1=" " ind2=" ">
      <subfield code="a">BIB_RECT</subfield>
      <subfield code="b">BIB_UART</subfield>
      <subfield code="d">2012-05-23</subfield>
      <subfield code="y">BK</subfield>
      <subfield code="p">03-42511</subfield>
      <subfield code="i">03-42511</subfield>
      <subfield code="g">100</subfield>
      <subfield code="o">37(091) E244e</subfield>
      <subfield code="e">Secretaría de Extensión Universitaria</subfield>
      <subfield code="8">CG</subfield>
    </datafield>
    <datafield tag="952" ind1=" " ind2=" ">
      <subfield code="a">BIB_RECT</subfield>
      <subfield code="b">BIB_UART</subfield>
      <subfield code="d">2012-05-23</subfield>
      <subfield code="y">BK</subfield>
      <subfield code="p">03-42512</subfield>
      <subfield code="i">03-42512</subfield>
      <subfield code="g">100</subfield>
      <subfield code="o">37(091) E244e</subfield>
      <subfield code="e">Secretaría de Extensión Universitaria</subfield>
      <subfield code="8">CG</subfield>
    </datafield>
    <datafield tag="952" ind1=" " ind2=" ">
      <subfield code="a">BIB_RECT</subfield>
      <subfield code="b">BIB_UART</subfield>
      <subfield code="d">2012-05-23</subfield>
      <subfield code="y">BK</subfield>
      <subfield code="p">03-42513</subfield>
      <subfield code="i">03-42513</subfield>
      <subfield code="g">100</subfield>
      <subfield code="o">37(091) E244e</subfield>
      <subfield code="e">Secretaría de Extensión Universitaria</subfield>
      <subfield code="8">CG</subfield>
    </datafield>
    <datafield tag="952" ind1=" " ind2=" ">
      <subfield code="a">BIB_RECT</subfield>
      <subfield code="b">BIB_UART</subfield>
      <subfield code="d">2012-05-23</subfield>
      <subfield code="y">BK</subfield>
      <subfield code="p">03-42514</subfield>
      <subfield code="i">03-42514</subfield>
      <subfield code="g">100</subfield>
      <subfield code="o">37(091) E244e</subfield>
      <subfield code="e">Secretaría de Extensión Universitaria</subfield>
      <subfield code="8">CG</subfield>
    </datafield>
    <datafield tag="952" ind1=" " ind2=" ">
      <subfield code="a">BIB_RECT</subfield>
      <subfield code="b">BIB_UARG</subfield>
      <subfield code="d">2012-05-23</subfield>
      <subfield code="y">BK</subfield>
      <subfield code="p">03-42515</subfield>
      <subfield code="i">03-42515</subfield>
      <subfield code="g">100</subfield>
      <subfield code="o">37(091) E244e</subfield>
      <subfield code="e">Secretaría de Extensión Universitaria</subfield>
      <subfield code="8">CG</subfield>
    </datafield>
    <datafield tag="952" ind1=" " ind2=" ">
      <subfield code="a">BIB_RECT</subfield>
      <subfield code="b">BIB_UASJ</subfield>
      <subfield code="d">2011-07-13</subfield>
      <subfield code="y">BK</subfield>
      <subfield code="p">04-41215</subfield>
      <subfield code="i">04-41215</subfield>
      <subfield code="g">60</subfield>
      <subfield code="o">37(091) E244e</subfield>
      <subfield code="e">Donación</subfield>
      <subfield code="8">CG</subfield>
    </datafield>
    <datafield tag="952" ind1=" " ind2=" ">
      <subfield code="a">BIB_RECT</subfield>
      <subfield code="b">BIB_UASJ</subfield>
      <subfield code="d">2011-07-13</subfield>
      <subfield code="y">BK</subfield>
      <subfield code="p">04-41216</subfield>
      <subfield code="i">04-41216</subfield>
      <subfield code="g">60</subfield>
      <subfield code="o">37(091) E244e</subfield>
      <subfield code="e">Donación</subfield>
      <subfield code="8">CG</subfield>
    </datafield>
    <datafield tag="952" ind1=" " ind2=" ">
      <subfield code="a">BIB_RECT</subfield>
      <subfield code="b">BIB_UASJ</subfield>
      <subfield code="d">2012-05-23</subfield>
      <subfield code="y">BK</subfield>
      <subfield code="p">04-42521</subfield>
      <subfield code="i">04-42521</subfield>
      <subfield code="g">100</subfield>
      <subfield code="o">37(091) E244e</subfield>
      <subfield code="e">Secretaría de Extensión Universitaria</subfield>
      <subfield code="8">CG</subfield>
    </datafield>
    <datafield tag="952" ind1=" " ind2=" ">
      <subfield code="a">BIB_RECT</subfield>
      <subfield code="b">BIB_UASJ</subfield>
      <subfield code="d">2012-05-23</subfield>
      <subfield code="y">BK</subfield>
      <subfield code="p">04-42522</subfield>
      <subfield code="i">04-42522</subfield>
      <subfield code="g">100</subfield>
      <subfield code="o">37(091) E244e</subfield>
      <subfield code="e">Secretaría de Extensión Universitaria</subfield>
      <subfield code="8">CG</subfield>
    </datafield>
    <datafield tag="952" ind1=" " ind2=" ">
      <subfield code="a">BIB_RECT</subfield>
      <subfield code="b">BIB_UARG</subfield>
      <subfield code="d">2011-06-27</subfield>
      <subfield code="y">BK</subfield>
      <subfield code="p">05-41136</subfield>
      <subfield code="i">05-41136</subfield>
      <subfield code="g">60</subfield>
      <subfield code="o">37(091) E244e</subfield>
      <subfield code="e">Donación UASJ/11</subfield>
      <subfield code="8">CG</subfield>
    </datafield>
    <datafield tag="952" ind1=" " ind2=" ">
      <subfield code="a">BIB_RECT</subfield>
      <subfield code="b">BIB_UARG</subfield>
      <subfield code="d">2011-06-27</subfield>
      <subfield code="y">BK</subfield>
      <subfield code="p">05-41137</subfield>
      <subfield code="i">05-41137</subfield>
      <subfield code="g">60</subfield>
      <subfield code="o">37(091) E244e</subfield>
      <subfield code="e">Donación UASJ/11</subfield>
      <subfield code="8">CG</subfield>
    </datafield>
    <datafield tag="952" ind1=" " ind2=" ">
      <subfield code="a">BIB_RECT</subfield>
      <subfield code="b">BIB_UARG</subfield>
      <subfield code="d">2011-06-27</subfield>
      <subfield code="y">BK</subfield>
      <subfield code="p">05-41138</subfield>
      <subfield code="i">05-41138</subfield>
      <subfield code="g">60</subfield>
      <subfield code="o">37(091) E244e</subfield>
      <subfield code="e">Donación UASJ/11</subfield>
      <subfield code="8">CG</subfield>
    </datafield>
    <datafield tag="952" ind1=" " ind2=" ">
      <subfield code="a">BIB_RECT</subfield>
      <subfield code="b">BIB_UARG</subfield>
      <subfield code="d">2011-06-27</subfield>
      <subfield code="y">BK</subfield>
      <subfield code="p">05-41139</subfield>
      <subfield code="i">05-41139</subfield>
      <subfield code="g">60</subfield>
      <subfield code="o">37(091) E244e</subfield>
      <subfield code="e">Donación UASJ/11</subfield>
      <subfield code="8">CG</subfield>
    </datafield>
    <datafield tag="952" ind1=" " ind2=" ">
      <subfield code="a">BIB_RECT</subfield>
      <subfield code="b">BIB_UARG</subfield>
      <subfield code="d">2011-06-27</subfield>
      <subfield code="y">BK</subfield>
      <subfield code="p">05-41140</subfield>
      <subfield code="i">05-41140</subfield>
      <subfield code="g">60</subfield>
      <subfield code="o">37(091) E244e</subfield>
      <subfield code="e">Donación UASJ/11</subfield>
      <subfield code="8">CG</subfield>
    </datafield>
    <datafield tag="952" ind1=" " ind2=" ">
      <subfield code="a">BIB_RECT</subfield>
      <subfield code="b">BIB_UARG</subfield>
      <subfield code="d">2011-06-27</subfield>
      <subfield code="y">BK</subfield>
      <subfield code="p">05-41141</subfield>
      <subfield code="i">05-41141</subfield>
      <subfield code="g">60</subfield>
      <subfield code="o">37(091) E244e</subfield>
      <subfield code="e">Donación UASJ/11</subfield>
      <subfield code="8">CG</subfield>
    </datafield>
    <datafield tag="952" ind1=" " ind2=" ">
      <subfield code="a">BIB_RECT</subfield>
      <subfield code="b">BIB_UARG</subfield>
      <subfield code="d">2011-06-27</subfield>
      <subfield code="y">BK</subfield>
      <subfield code="p">05-41142</subfield>
      <subfield code="i">05-41142</subfield>
      <subfield code="g">60</subfield>
      <subfield code="o">37(091) E244e</subfield>
      <subfield code="e">Donación UASJ/11</subfield>
      <subfield code="8">CG</subfield>
    </datafield>
    <datafield tag="952" ind1=" " ind2=" ">
      <subfield code="a">BIB_RECT</subfield>
      <subfield code="b">BIB_UARG</subfield>
      <subfield code="d">2011-06-27</subfield>
      <subfield code="y">BK</subfield>
      <subfield code="p">05-41143</subfield>
      <subfield code="i">05-41143</subfield>
      <subfield code="g">60</subfield>
      <subfield code="o">37(091) E244e</subfield>
      <subfield code="e">Donación UASJ/11</subfield>
      <subfield code="8">CG</subfield>
    </datafield>
    <datafield tag="952" ind1=" " ind2=" ">
      <subfield code="a">BIB_RECT</subfield>
      <subfield code="b">BIB_UARG</subfield>
      <subfield code="d">2011-06-27</subfield>
      <subfield code="y">BK</subfield>
      <subfield code="p">05-41144</subfield>
      <subfield code="i">05-41144</subfield>
      <subfield code="g">60</subfield>
      <subfield code="o">37(091) E244e</subfield>
      <subfield code="e">Donación UASJ/11</subfield>
      <subfield code="8">CG</subfield>
    </datafield>
    <datafield tag="952" ind1=" " ind2=" ">
      <subfield code="a">BIB_RECT</subfield>
      <subfield code="b">BIB_UARG</subfield>
      <subfield code="d">2011-06-27</subfield>
      <subfield code="y">BK</subfield>
      <subfield code="p">05-41145</subfield>
      <subfield code="i">05-41145</subfield>
      <subfield code="g">60</subfield>
      <subfield code="o">37(091) E244e</subfield>
      <subfield code="e">Donación UASJ/11</subfield>
      <subfield code="8">CG</subfield>
    </datafield>
    <datafield tag="952" ind1=" " ind2=" ">
      <subfield code="a">BIB_RECT</subfield>
      <subfield code="b">BIB_UARG</subfield>
      <subfield code="d">2011-06-27</subfield>
      <subfield code="y">BK</subfield>
      <subfield code="p">05-41146</subfield>
      <subfield code="i">05-41146</subfield>
      <subfield code="g">60</subfield>
      <subfield code="o">37(091) E244e</subfield>
      <subfield code="e">Donación UASJ/11</subfield>
      <subfield code="8">CG</subfield>
    </datafield>
    <datafield tag="952" ind1=" " ind2=" ">
      <subfield code="a">BIB_RECT</subfield>
      <subfield code="b">BIB_UARG</subfield>
      <subfield code="d">2011-06-27</subfield>
      <subfield code="y">BK</subfield>
      <subfield code="p">05-41147</subfield>
      <subfield code="i">05-41147</subfield>
      <subfield code="g">60</subfield>
      <subfield code="o">37(091) E244e</subfield>
      <subfield code="e">Donación UASJ/11</subfield>
      <subfield code="8">CG</subfield>
    </datafield>
    <datafield tag="952" ind1=" " ind2=" ">
      <subfield code="a">BIB_RECT</subfield>
      <subfield code="b">BIB_UARG</subfield>
      <subfield code="d">2011-06-27</subfield>
      <subfield code="y">BK</subfield>
      <subfield code="p">05-41148</subfield>
      <subfield code="i">05-41148</subfield>
      <subfield code="g">60</subfield>
      <subfield code="o">37(091) E244e</subfield>
      <subfield code="e">Donación UASJ/11</subfield>
      <subfield code="8">CG</subfield>
    </datafield>
    <datafield tag="952" ind1=" " ind2=" ">
      <subfield code="a">BIB_RECT</subfield>
      <subfield code="b">BIB_UARG</subfield>
      <subfield code="d">2011-06-27</subfield>
      <subfield code="y">BK</subfield>
      <subfield code="p">05-41149</subfield>
      <subfield code="i">05-41149</subfield>
      <subfield code="g">60</subfield>
      <subfield code="o">37(091) E244e</subfield>
      <subfield code="e">Donación UASJ/11</subfield>
      <subfield code="8">CG</subfield>
    </datafield>
    <datafield tag="952" ind1=" " ind2=" ">
      <subfield code="a">BIB_RECT</subfield>
      <subfield code="b">BIB_UARG</subfield>
      <subfield code="d">2011-06-27</subfield>
      <subfield code="y">BK</subfield>
      <subfield code="p">05-41150</subfield>
      <subfield code="i">05-41150</subfield>
      <subfield code="g">60</subfield>
      <subfield code="o">37(091) E244e</subfield>
      <subfield code="e">Donación UASJ/11</subfield>
      <subfield code="8">CG</subfield>
    </datafield>
    <datafield tag="952" ind1=" " ind2=" ">
      <subfield code="a">BIB_RECT</subfield>
      <subfield code="b">BIB_UARG</subfield>
      <subfield code="d">2011-06-27</subfield>
      <subfield code="y">BK</subfield>
      <subfield code="p">05-41151</subfield>
      <subfield code="i">05-41151</subfield>
      <subfield code="g">60</subfield>
      <subfield code="o">37(091) E244e</subfield>
      <subfield code="e">Donación UASJ/11</subfield>
      <subfield code="8">CG</subfield>
    </datafield>
    <datafield tag="952" ind1=" " ind2=" ">
      <subfield code="a">BIB_RECT</subfield>
      <subfield code="b">BIB_UARG</subfield>
      <subfield code="d">2012-02-09</subfield>
      <subfield code="y">BK</subfield>
      <subfield code="p">05-41940</subfield>
      <subfield code="i">05-41940</subfield>
      <subfield code="g">100</subfield>
      <subfield code="o">37(091) E244e</subfield>
      <subfield code="e">Compra SIUNPA</subfield>
      <subfield code="8">CG</subfield>
    </datafield>
    <datafield tag="952" ind1=" " ind2=" ">
      <subfield code="a">BIB_RECT</subfield>
      <subfield code="b">BIB_UARG</subfield>
      <subfield code="d">2012-02-09</subfield>
      <subfield code="y">BK</subfield>
      <subfield code="p">05-41941</subfield>
      <subfield code="i">05-41941</subfield>
      <subfield code="g">100</subfield>
      <subfield code="o">37(091) E244e</subfield>
      <subfield code="e">Compra SIUNPA</subfield>
      <subfield code="8">CG</subfield>
    </datafield>
    <datafield tag="952" ind1=" " ind2=" ">
      <subfield code="a">BIB_RECT</subfield>
      <subfield code="b">BIB_UARG</subfield>
      <subfield code="d">2012-02-09</subfield>
      <subfield code="y">BK</subfield>
      <subfield code="p">05-41942</subfield>
      <subfield code="i">05-41942</subfield>
      <subfield code="g">100</subfield>
      <subfield code="o">37(091) E244e</subfield>
      <subfield code="e">Compra SIUNPA</subfield>
      <subfield code="8">CG</subfield>
    </datafield>
    <datafield tag="952" ind1=" " ind2=" ">
      <subfield code="a">BIB_RECT</subfield>
      <subfield code="b">SAT_TRUN</subfield>
      <subfield code="d">2012-05-23</subfield>
      <subfield code="y">BK</subfield>
      <subfield code="p">10-42526</subfield>
      <subfield code="i">10-42526</subfield>
      <subfield code="g">10</subfield>
      <subfield code="o">37(091) E244e</subfield>
      <subfield code="e">Secretaría de Extensión Universitaria</subfield>
      <subfield code="8">CG</subfield>
    </datafield>
    <datafield tag="952" ind1=" " ind2=" ">
      <subfield code="a">BIB_RECT</subfield>
      <subfield code="b">SAT_PBNA</subfield>
      <subfield code="d">2011-07-13</subfield>
      <subfield code="y">BK</subfield>
      <subfield code="p">11-41213</subfield>
      <subfield code="i">11-41213</subfield>
      <subfield code="g">60</subfield>
      <subfield code="o">37(091) E244e</subfield>
      <subfield code="e">Donación</subfield>
      <subfield code="8">CG</subfield>
    </datafield>
    <datafield tag="952" ind1=" " ind2=" ">
      <subfield code="a">BIB_RECT</subfield>
      <subfield code="b">SAT_PBNA</subfield>
      <subfield code="d">2011-07-13</subfield>
      <subfield code="y">BK</subfield>
      <subfield code="p">11-41214</subfield>
      <subfield code="i">11-41214</subfield>
      <subfield code="g">60</subfield>
      <subfield code="o">37(091) E244e</subfield>
      <subfield code="e">Donación</subfield>
      <subfield code="8">CG</subfield>
    </datafield>
    <datafield tag="952" ind1=" " ind2=" ">
      <subfield code="a">BIB_RECT</subfield>
      <subfield code="b">SAT_PBNA</subfield>
      <subfield code="d">2012-05-23</subfield>
      <subfield code="y">BK</subfield>
      <subfield code="p">11-42529</subfield>
      <subfield code="i">11-42529</subfield>
      <subfield code="g">100</subfield>
      <subfield code="o">37(091) E244e</subfield>
      <subfield code="e">Secretaría de Extensión</subfield>
      <subfield code="8">CG</subfield>
    </datafield>
    <datafield tag="952" ind1=" " ind2=" ">
      <subfield code="a">BIB_RECT</subfield>
      <subfield code="b">SAT_CLFT</subfield>
      <subfield code="d">2012-05-23</subfield>
      <subfield code="y">BK</subfield>
      <subfield code="p">12-42523</subfield>
      <subfield code="i">12-42523</subfield>
      <subfield code="g">10</subfield>
      <subfield code="o">37(091) E244e</subfield>
      <subfield code="e">Secretaría de Extensión Universitaria</subfield>
      <subfield code="8">CG</subfield>
    </datafield>
    <datafield tag="952" ind1=" " ind2=" ">
      <subfield code="a">BIB_RECT</subfield>
      <subfield code="b">SAT_PMDN </subfield>
      <subfield code="d">2012-05-23</subfield>
      <subfield code="y">BK</subfield>
      <subfield code="p">15-42527</subfield>
      <subfield code="i">15-42527</subfield>
      <subfield code="g">100</subfield>
      <subfield code="o">37(091) E244e</subfield>
      <subfield code="e">Secretaría de Extensión Universitaria</subfield>
      <subfield code="8">CG</subfield>
    </datafield>
    <datafield tag="952" ind1=" " ind2=" ">
      <subfield code="a">BIB_RECT</subfield>
      <subfield code="b">SAT_PDES</subfield>
      <subfield code="d">2012-05-23</subfield>
      <subfield code="y">BK</subfield>
      <subfield code="p">16-42528</subfield>
      <subfield code="i">16-42528</subfield>
      <subfield code="g">100</subfield>
      <subfield code="o">37(091) E244e</subfield>
      <subfield code="e">Secretaría de Extensión</subfield>
      <subfield code="8">CG</subfield>
    </datafield>
    <datafield tag="952" ind1=" " ind2=" ">
      <subfield code="a">BIB_RECT</subfield>
      <subfield code="b">SAT_RGRA</subfield>
      <subfield code="d">2012-05-23</subfield>
      <subfield code="y">BK</subfield>
      <subfield code="p">17-42525</subfield>
      <subfield code="i">17-42525</subfield>
      <subfield code="g">100</subfield>
      <subfield code="o">37(091) E244e</subfield>
      <subfield code="e">Secretaría de Extensión Universitaria</subfield>
      <subfield code="8">CG</subfield>
    </datafield>
    <datafield tag="952" ind1=" " ind2=" ">
      <subfield code="a">BIB_RECT</subfield>
      <subfield code="b">SAT_GREG</subfield>
      <subfield code="d">2011-07-13</subfield>
      <subfield code="y">BK</subfield>
      <subfield code="p">18-41217</subfield>
      <subfield code="i">18-41217</subfield>
      <subfield code="g">60</subfield>
      <subfield code="o">37(091) E244e</subfield>
      <subfield code="e">Donación</subfield>
      <subfield code="8">CG</subfield>
    </datafield>
    <datafield tag="952" ind1=" " ind2=" ">
      <subfield code="a">BIB_RECT</subfield>
      <subfield code="b">SAT_GREG</subfield>
      <subfield code="d">2011-07-13</subfield>
      <subfield code="y">BK</subfield>
      <subfield code="p">18-41218</subfield>
      <subfield code="i">18-41218</subfield>
      <subfield code="g">60</subfield>
      <subfield code="o">37(091) E244e</subfield>
      <subfield code="e">Donación</subfield>
      <subfield code="8">CG</subfield>
    </datafield>
    <datafield tag="952" ind1=" " ind2=" ">
      <subfield code="a">BIB_RECT</subfield>
      <subfield code="b">SAT_USHU</subfield>
      <subfield code="d">2012-05-23</subfield>
      <subfield code="y">BK</subfield>
      <subfield code="p">19-42524</subfield>
      <subfield code="i">19-42524</subfield>
      <subfield code="g">100</subfield>
      <subfield code="o">37(091) E244e</subfield>
      <subfield code="e">Secretaría de Extensión Universitaria</subfield>
      <subfield code="8">CG</subfield>
    </datafield>
  </record>