
  <record>
    <leader>01000aam  22002601a 4500</leader>
    <controlfield tag="001">YPZ94150</controlfield>
    <controlfield tag="003">YPZ</controlfield>
    <controlfield tag="005">201106281818470</controlfield>
    <controlfield tag="008">110628|###########||||||b||||||||||spa|d</controlfield>
    <datafield tag="020" ind1=" " ind2=" ">
      <subfield code="a">9506144443</subfield>
    </datafield>
    <datafield tag="040" ind1=" " ind2=" ">
      <subfield code="c">SIUNPA</subfield>
    </datafield>
    <datafield tag="041" ind1=" " ind2=" ">
      <subfield code="a">spa</subfield>
    </datafield>
    <datafield tag="044" ind1=" " ind2=" ">
      <subfield code="a">AR</subfield>
    </datafield>
    <datafield tag="080" ind1=" " ind2=" ">
      <subfield code="a">338.45 D695h</subfield>
    </datafield>
    <datafield tag="100" ind1=" " ind2=" ">
      <subfield code="a">Dorfman, Adolfo.</subfield>
    </datafield>
    <datafield tag="245" ind1=" " ind2=" ">
      <subfield code="a">Historia de la industria argentina</subfield>
    </datafield>
    <datafield tag="260" ind1=" " ind2=" ">
      <subfield code="a">Buenos Aires</subfield>
      <subfield code="b"> : Hyspamérica</subfield>
      <subfield code="c"> , 1986</subfield>
    </datafield>
    <datafield tag="440" ind1=" " ind2=" ">
      <subfield code="a">Biblioteca argentina de Historia y política</subfield>
      <subfield code="v">47</subfield>
    </datafield>
    <datafield tag="490" ind1=" " ind2=" ">
      <subfield code="a">Biblioteca argentina de Historia y política</subfield>
      <subfield code="v">47</subfield>
    </datafield>
    <datafield tag="650" ind1=" " ind2=" ">
      <subfield code="a"> ECONOMIA INDUSTRIAL  POLITICA INDUSTRIAL</subfield>
    </datafield>
    <datafield tag="650" ind1=" " ind2=" ">
      <subfield code="a"> ARGENTINA </subfield>
    </datafield>
    <datafield tag="650" ind1=" " ind2=" ">
      <subfield code="a"> ORGANIZACION INDUSTRIAL</subfield>
    </datafield>
    <datafield tag="942" ind1=" " ind2=" ">
      <subfield code="c">BK</subfield>
    </datafield>
    <datafield tag="952" ind1=" " ind2=" ">
      <subfield code="a">BIB_RECT</subfield>
      <subfield code="b">BIB_UARG</subfield>
      <subfield code="d">2011-09-02</subfield>
      <subfield code="y">BK</subfield>
      <subfield code="p">05-07220</subfield>
      <subfield code="i">05-07220</subfield>
      <subfield code="g">60</subfield>
      <subfield code="o">338.45 D695h</subfield>
      <subfield code="e">Acuer.012/93</subfield>
      <subfield code="8">CG</subfield>
    </datafield>
    <datafield tag="952" ind1=" " ind2=" ">
      <subfield code="a">BIB_RECT</subfield>
      <subfield code="b">BIB_UARG</subfield>
      <subfield code="d">2011-06-07</subfield>
      <subfield code="y">BK</subfield>
      <subfield code="p">05-41026</subfield>
      <subfield code="i">05-41026</subfield>
      <subfield code="g">60</subfield>
      <subfield code="o">338.45 D695h</subfield>
      <subfield code="e">Otto Pedersen, Guillermo/09</subfield>
      <subfield code="8">CG</subfield>
    </datafield>
  </record>