
  <record>
    <leader>01000aam  22002601a 4500</leader>
    <controlfield tag="001">YPZ94250</controlfield>
    <controlfield tag="003">YPZ</controlfield>
    <controlfield tag="005">201108081457480</controlfield>
    <controlfield tag="008">110808|###########||||||b||||||||||spa|d</controlfield>
    <datafield tag="020" ind1=" " ind2=" ">
      <subfield code="a">9500403102</subfield>
    </datafield>
    <datafield tag="040" ind1=" " ind2=" ">
      <subfield code="c">SIUNPA</subfield>
    </datafield>
    <datafield tag="041" ind1=" " ind2=" ">
      <subfield code="a">spa</subfield>
    </datafield>
    <datafield tag="044" ind1=" " ind2=" ">
      <subfield code="a">AR</subfield>
    </datafield>
    <datafield tag="080" ind1=" " ind2=" ">
      <subfield code="a">82(4).09 N117l</subfield>
    </datafield>
    <datafield tag="100" ind1=" " ind2=" ">
      <subfield code="a">Nabokov, Vladimir.</subfield>
    </datafield>
    <datafield tag="245" ind1=" " ind2=" ">
      <subfield code="a">Lecciones de literatura</subfield>
      <subfield code="c"> / Bowers, Fredson, comp. ; Torres Oliver, Francisco, tr.</subfield>
    </datafield>
    <datafield tag="260" ind1=" " ind2=" ">
      <subfield code="a">Buenos Aires</subfield>
      <subfield code="b"> : Emecé</subfield>
      <subfield code="c"> , 1984</subfield>
    </datafield>
    <datafield tag="650" ind1=" " ind2=" ">
      <subfield code="a"> LITERATURA EUROPEA</subfield>
    </datafield>
    <datafield tag="650" ind1=" " ind2=" ">
      <subfield code="a"> CRITICA LITERARIA</subfield>
    </datafield>
    <datafield tag="942" ind1=" " ind2=" ">
      <subfield code="c">BK</subfield>
    </datafield>
    <datafield tag="952" ind1=" " ind2=" ">
      <subfield code="a">BIB_RECT</subfield>
      <subfield code="b">BIB_UASJ</subfield>
      <subfield code="d">2012-08-16</subfield>
      <subfield code="y">BK</subfield>
      <subfield code="p">04-00772</subfield>
      <subfield code="i">04-00772</subfield>
      <subfield code="g">80</subfield>
      <subfield code="o">82(4).09 N117l</subfield>
      <subfield code="e">MigracionUASJ</subfield>
      <subfield code="8">CG</subfield>
    </datafield>
    <datafield tag="952" ind1=" " ind2=" ">
      <subfield code="a">BIB_RECT</subfield>
      <subfield code="b">BIB_UARG</subfield>
      <subfield code="d">2012-06-29</subfield>
      <subfield code="y">BK</subfield>
      <subfield code="p">05-03786</subfield>
      <subfield code="i">05-03786</subfield>
      <subfield code="g">78</subfield>
      <subfield code="o">82(4).09 N117l</subfield>
      <subfield code="e">Donación Benitez, Cloe/84</subfield>
      <subfield code="8">CG</subfield>
    </datafield>
    <datafield tag="952" ind1=" " ind2=" ">
      <subfield code="a">BIB_RECT</subfield>
      <subfield code="b">BIB_UARG</subfield>
      <subfield code="d">2011-08-08</subfield>
      <subfield code="y">BK</subfield>
      <subfield code="p">05-41234</subfield>
      <subfield code="i">05-41234</subfield>
      <subfield code="g">95</subfield>
      <subfield code="o">82(4).09 N117l</subfield>
      <subfield code="e">Don Prof. Jaremchuck, Daniel/11</subfield>
      <subfield code="8">CG</subfield>
    </datafield>
  </record>