
  <record>
    <leader>01000aam  22002601a 4500</leader>
    <controlfield tag="001">YPZ94252</controlfield>
    <controlfield tag="003">YPZ</controlfield>
    <controlfield tag="005">201108091512400</controlfield>
    <controlfield tag="008">110809|###########||||||b||||||||||spa|d</controlfield>
    <datafield tag="020" ind1=" " ind2=" ">
      <subfield code="a">9879779908</subfield>
    </datafield>
    <datafield tag="040" ind1=" " ind2=" ">
      <subfield code="c">SIUNPA</subfield>
    </datafield>
    <datafield tag="041" ind1=" " ind2=" ">
      <subfield code="a">spa</subfield>
    </datafield>
    <datafield tag="044" ind1=" " ind2=" ">
      <subfield code="a">AR</subfield>
    </datafield>
    <datafield tag="080" ind1=" " ind2=" ">
      <subfield code="a">338.1 E562h 1</subfield>
    </datafield>
    <datafield tag="110" ind1=" " ind2=" ">
      <subfield code="a">Encuentro Hispano-Argentino de Economía (1 : 1999 : Buenos Aires).</subfield>
    </datafield>
    <datafield tag="245" ind1=" " ind2=" ">
      <subfield code="a">Las economías de Argentina y España en el fin de siglo</subfield>
      <subfield code="b"> : hablan los protagonistas</subfield>
    </datafield>
    <datafield tag="260" ind1=" " ind2=" ">
      <subfield code="a">Buenos Aires</subfield>
      <subfield code="b"> : Fundación José Ortega y Gasset Argentina</subfield>
      <subfield code="c"> , 1999</subfield>
    </datafield>
    <datafield tag="440" ind1=" " ind2=" ">
      <subfield code="a">Biblioteca nuevas orientaciones de la educación. Formación docente</subfield>
      <subfield code="a">Prospel / Grupo editor latinoamericano</subfield>
      <subfield code="a">Colección estudios políticos y sociales</subfield>
      <subfield code="a">Nueva información</subfield>
      <subfield code="a">Sociología y política / Siglo XXI</subfield>
      <subfield code="a">Colección cuadernos / Fundación José Ortega y Gasset Argentina</subfield>
      <subfield code="v">no. 2</subfield>
    </datafield>
    <datafield tag="490" ind1=" " ind2=" ">
      <subfield code="a">Biblioteca nuevas orientaciones de la educación. Formación docente</subfield>
      <subfield code="a">Prospel / Grupo editor latinoamericano</subfield>
      <subfield code="a">Colección estudios políticos y sociales</subfield>
      <subfield code="a">Nueva información</subfield>
      <subfield code="a">Sociología y política / Siglo XXI</subfield>
      <subfield code="a">Colección cuadernos / Fundación José Ortega y Gasset Argentina</subfield>
      <subfield code="v">no. 2</subfield>
    </datafield>
    <datafield tag="650" ind1=" " ind2=" ">
      <subfield code="a"> SITUACION ECONOMICA  DESARROLLO ECONOMICO Y SOCIAL</subfield>
    </datafield>
    <datafield tag="650" ind1=" " ind2=" ">
      <subfield code="a"> ARGENTINA</subfield>
    </datafield>
    <datafield tag="650" ind1=" " ind2=" ">
      <subfield code="a"> ESPAÑA</subfield>
    </datafield>
    <datafield tag="942" ind1=" " ind2=" ">
      <subfield code="c">BK</subfield>
    </datafield>
    <datafield tag="952" ind1=" " ind2=" ">
      <subfield code="a">BIB_RECT</subfield>
      <subfield code="b">BIB_UARG</subfield>
      <subfield code="d">2011-08-09</subfield>
      <subfield code="y">BK</subfield>
      <subfield code="p">05-41238</subfield>
      <subfield code="i">05-41238</subfield>
      <subfield code="g">30</subfield>
      <subfield code="o">338.1 E562h 1</subfield>
      <subfield code="e">Don Prof. Jaremchuck, Daniel/10</subfield>
      <subfield code="8">CG</subfield>
    </datafield>
  </record>