
  <record>
    <leader>01000aam  22002601a 4500</leader>
    <controlfield tag="001">YPZ94298</controlfield>
    <controlfield tag="003">YPZ</controlfield>
    <controlfield tag="005">201108171652160</controlfield>
    <controlfield tag="008">110817|###########||||||b||||||||||spa|d</controlfield>
    <datafield tag="020" ind1=" " ind2=" ">
      <subfield code="a">8477747016</subfield>
    </datafield>
    <datafield tag="040" ind1=" " ind2=" ">
      <subfield code="c">SIUNPA</subfield>
    </datafield>
    <datafield tag="041" ind1=" " ind2=" ">
      <subfield code="a">spa</subfield>
    </datafield>
    <datafield tag="044" ind1=" " ind2=" ">
      <subfield code="a">ES</subfield>
    </datafield>
    <datafield tag="080" ind1=" " ind2=" ">
      <subfield code="a">327 C548s</subfield>
    </datafield>
    <datafield tag="100" ind1=" " ind2=" ">
      <subfield code="a">Chomsky, Noam.</subfield>
    </datafield>
    <datafield tag="245" ind1=" " ind2=" ">
      <subfield code="a">Sobre el poder y la ideología</subfield>
      <subfield code="b"> : conferencias de Managua 2</subfield>
      <subfield code="c"> / Alegría, Claribel, tr. ; Flakoll, D.J., tr.</subfield>
    </datafield>
    <datafield tag="260" ind1=" " ind2=" ">
      <subfield code="a">Madrid</subfield>
      <subfield code="b"> : Visor</subfield>
      <subfield code="c"> , 1989</subfield>
    </datafield>
    <datafield tag="440" ind1=" " ind2=" ">
      <subfield code="a">Serie Cla-De-Ma. Filosofía</subfield>
      <subfield code="a">Visor lingüística y conocimiento</subfield>
      <subfield code="v">3</subfield>
    </datafield>
    <datafield tag="490" ind1=" " ind2=" ">
      <subfield code="a">Serie Cla-De-Ma. Filosofía</subfield>
      <subfield code="a">Visor lingüística y conocimiento</subfield>
      <subfield code="v">3</subfield>
    </datafield>
    <datafield tag="650" ind1=" " ind2=" ">
      <subfield code="a"> RELACIONES INTERNACIONALES</subfield>
    </datafield>
    <datafield tag="650" ind1=" " ind2=" ">
      <subfield code="a"> POLITICA INTERNACIONAL</subfield>
    </datafield>
    <datafield tag="650" ind1=" " ind2=" ">
      <subfield code="a"> ESTADOS UNIDOS</subfield>
    </datafield>
    <datafield tag="650" ind1=" " ind2=" ">
      <subfield code="a"> AMERICA LATINA</subfield>
    </datafield>
    <datafield tag="650" ind1=" " ind2=" ">
      <subfield code="a"> AMERICA CENTRAL</subfield>
    </datafield>
    <datafield tag="942" ind1=" " ind2=" ">
      <subfield code="c">BK</subfield>
    </datafield>
    <datafield tag="952" ind1=" " ind2=" ">
      <subfield code="a">BIB_RECT</subfield>
      <subfield code="b">BIB_UART</subfield>
      <subfield code="d">2012-03-08</subfield>
      <subfield code="y">BK</subfield>
      <subfield code="p">03-01760</subfield>
      <subfield code="i">03-01760</subfield>
      <subfield code="g">58</subfield>
      <subfield code="o">327 C548s</subfield>
      <subfield code="e">SIUNPA</subfield>
      <subfield code="8">CG</subfield>
    </datafield>
    <datafield tag="952" ind1=" " ind2=" ">
      <subfield code="a">BIB_RECT</subfield>
      <subfield code="b">BIB_UARG</subfield>
      <subfield code="d">2011-08-12</subfield>
      <subfield code="y">BK</subfield>
      <subfield code="p">05-15229</subfield>
      <subfield code="i">05-15229</subfield>
      <subfield code="g">58</subfield>
      <subfield code="o">327 C548s</subfield>
      <subfield code="e">SIUNPA/01</subfield>
      <subfield code="8">CG</subfield>
    </datafield>
    <datafield tag="952" ind1=" " ind2=" ">
      <subfield code="a">BIB_RECT</subfield>
      <subfield code="b">BIB_UARG</subfield>
      <subfield code="d">2011-08-12</subfield>
      <subfield code="y">BK</subfield>
      <subfield code="p">05-15230</subfield>
      <subfield code="i">05-15230</subfield>
      <subfield code="g">58</subfield>
      <subfield code="o">327 C548s</subfield>
      <subfield code="e">SIUNPA/01</subfield>
      <subfield code="8">CG</subfield>
    </datafield>
  </record>