
  <record>
    <leader>01000aam  22002601a 4500</leader>
    <controlfield tag="001">YPZ94312</controlfield>
    <controlfield tag="003">YPZ</controlfield>
    <controlfield tag="005">201108241423270</controlfield>
    <controlfield tag="008">110824|###########||||||b||||||||||spa|d</controlfield>
    <datafield tag="022" ind1=" " ind2=" ">
      <subfield code="a">09322205</subfield>
    </datafield>
    <datafield tag="040" ind1=" " ind2=" ">
      <subfield code="c">SIUNPA</subfield>
    </datafield>
    <datafield tag="041" ind1=" " ind2=" ">
      <subfield code="a">eng</subfield>
    </datafield>
    <datafield tag="044" ind1=" " ind2=" ">
      <subfield code="a">DE</subfield>
    </datafield>
    <datafield tag="080" ind1=" " ind2=" ">
      <subfield code="a">581.526.325 R462v</subfield>
    </datafield>
    <datafield tag="100" ind1=" " ind2=" ">
      <subfield code="a">Reynolds, Colin S..</subfield>
    </datafield>
    <datafield tag="245" ind1=" " ind2=" ">
      <subfield code="a">Vegetation processes in the pelagic</subfield>
      <subfield code="b"> : a model for ecosystem theory</subfield>
      <subfield code="c"> / Kinne, Otto, introd.</subfield>
    </datafield>
    <datafield tag="260" ind1=" " ind2=" ">
      <subfield code="a">Oldendorf/Luhe</subfield>
      <subfield code="b"> : International Ecology Institute</subfield>
      <subfield code="c"> , 2010</subfield>
    </datafield>
    <datafield tag="440" ind1=" " ind2=" ">
      <subfield code="a">Excellence in ecology</subfield>
      <subfield code="v">9</subfield>
    </datafield>
    <datafield tag="490" ind1=" " ind2=" ">
      <subfield code="a">Excellence in ecology</subfield>
      <subfield code="v">9</subfield>
    </datafield>
    <datafield tag="650" ind1=" " ind2=" ">
      <subfield code="a"> PLANCTON</subfield>
    </datafield>
    <datafield tag="650" ind1=" " ind2=" ">
      <subfield code="a"> FITOPLANCTON</subfield>
    </datafield>
    <datafield tag="650" ind1=" " ind2=" ">
      <subfield code="a"> AMBIENTE PELAGICO</subfield>
    </datafield>
    <datafield tag="942" ind1=" " ind2=" ">
      <subfield code="c">BK</subfield>
    </datafield>
    <datafield tag="952" ind1=" " ind2=" ">
      <subfield code="a">BIB_RECT</subfield>
      <subfield code="b">BIB_UACO</subfield>
      <subfield code="d">2011-08-24</subfield>
      <subfield code="y">BK</subfield>
      <subfield code="p">02-41252</subfield>
      <subfield code="i">02-41252</subfield>
      <subfield code="g">150</subfield>
      <subfield code="o">581.526.325 R462v</subfield>
      <subfield code="e">Donación INIDEP</subfield>
      <subfield code="8">CG</subfield>
    </datafield>
  </record>