
  <record>
    <leader>01000aam  22002601a 4500</leader>
    <controlfield tag="001">YPZ94344</controlfield>
    <controlfield tag="003">YPZ</controlfield>
    <controlfield tag="005">201108291432290</controlfield>
    <controlfield tag="008">110829|###########||||||b||||||||||spa|d</controlfield>
    <datafield tag="020" ind1=" " ind2=" ">
      <subfield code="a">9702611989</subfield>
    </datafield>
    <datafield tag="020" ind1=" " ind2=" ">
      <subfield code="a">9789702611981 (CDROM)</subfield>
    </datafield>
    <datafield tag="040" ind1=" " ind2=" ">
      <subfield code="c">SIUNPA</subfield>
    </datafield>
    <datafield tag="041" ind1=" " ind2=" ">
      <subfield code="a">spa</subfield>
    </datafield>
    <datafield tag="044" ind1=" " ind2=" ">
      <subfield code="a">MX</subfield>
    </datafield>
    <datafield tag="080" ind1=" " ind2=" ">
      <subfield code="a">66.09 F656e4</subfield>
    </datafield>
    <datafield tag="100" ind1=" " ind2=" ">
      <subfield code="a">Fogler, H. Scott.</subfield>
    </datafield>
    <datafield tag="245" ind1=" " ind2=" ">
      <subfield code="a">Elementos de ingeniería de las reacciones químicas</subfield>
      <subfield code="b"> : cuarta edición</subfield>
      <subfield code="c"> / Aguilar Ortega, María Teresa, tr. ; Ramírez López, Román, rev. técnica ; Balderas Tapia, Luis,  rev. técnica ; Elizalde Martínez, Ignacio, rev. técnica ; Hernández Hernández, María Elena, rev. técnica</subfield>
    </datafield>
    <datafield tag="250" ind1=" " ind2=" ">
      <subfield code="a">4a ed.</subfield>
    </datafield>
    <datafield tag="260" ind1=" " ind2=" ">
      <subfield code="a">Naulcalpan de Juárez</subfield>
      <subfield code="b"> : Pearson Educación</subfield>
      <subfield code="c"> , 2008</subfield>
    </datafield>
    <datafield tag="300" ind1=" " ind2=" ">
      <subfield code="a">94 p. : </subfield>
      <subfield code="b">il. ; </subfield>
      <subfield code="a">xvii, 302 p. : </subfield>
      <subfield code="b">il. ; </subfield>
      <subfield code="a">2 v. : </subfield>
      <subfield code="b">il. ; </subfield>
      <subfield code="a">58 p. : </subfield>
      <subfield code="b">il. ; </subfield>
      <subfield code="a">489 p. : </subfield>
      <subfield code="a">xiv, 544 p. : </subfield>
      <subfield code="b">il. ; </subfield>
      <subfield code="a">80 p. : </subfield>
      <subfield code="b">il. ; </subfield>
      <subfield code="a">326 p. : </subfield>
      <subfield code="a">[445] p. en varias paginaciones : </subfield>
      <subfield code="a">334 p. : </subfield>
      <subfield code="b">il. ; </subfield>
      <subfield code="a">xii, 416 p. : </subfield>
      <subfield code="b">il. ; </subfield>
      <subfield code="a">296 p. : </subfield>
      <subfield code="b">il. ; </subfield>
      <subfield code="a">132 p. : </subfield>
      <subfield code="b">il. ; </subfield>
      <subfield code="a">174 p. : </subfield>
      <subfield code="a">205  p. : </subfield>
      <subfield code="b">cuadros ; </subfield>
      <subfield code="a">142 p. : </subfield>
      <subfield code="a">269 p. : </subfield>
      <subfield code="a">319 p. : </subfield>
      <subfield code="a">96 p. : </subfield>
      <subfield code="b">il. ; </subfield>
      <subfield code="a">216 p. : </subfield>
      <subfield code="a">119 p. : </subfield>
      <subfield code="a">143 p. : </subfield>
      <subfield code="a">155 p. : </subfield>
      <subfield code="a">285 p. : </subfield>
      <subfield code="a">206 p. : </subfield>
      <subfield code="a">159 p. : </subfield>
      <subfield code="a">159 p. : </subfield>
      <subfield code="a">159 p. : </subfield>
      <subfield code="a">153 p. : </subfield>
      <subfield code="a">217 p. : </subfield>
      <subfield code="a">270 p. : </subfield>
      <subfield code="a">v. : </subfield>
      <subfield code="a">159 p. : </subfield>
      <subfield code="a">153 p. : </subfield>
      <subfield code="a">303 p. : </subfield>
      <subfield code="a">159 p. : </subfield>
      <subfield code="a">159 p. : </subfield>
      <subfield code="a">159 p. : </subfield>
      <subfield code="a">153 p. : </subfield>
      <subfield code="a">155 p. : </subfield>
      <subfield code="a">155 p. : </subfield>
      <subfield code="a">204 p. : </subfield>
      <subfield code="a">151 p. : </subfield>
      <subfield code="b">il. ; </subfield>
      <subfield code="a">2 v. : </subfield>
      <subfield code="a">220 p. : </subfield>
      <subfield code="a">150 p. : </subfield>
      <subfield code="a">147 p. : </subfield>
      <subfield code="b">il. ; </subfield>
      <subfield code="a">332 p. : </subfield>
      <subfield code="a">220 p. : </subfield>
      <subfield code="a">v. : </subfield>
      <subfield code="a">184 p. : </subfield>
      <subfield code="a">308 p. : </subfield>
      <subfield code="a">280 p. : </subfield>
      <subfield code="a">2 v. : </subfield>
      <subfield code="b">il. ; </subfield>
      <subfield code="a">79 p. : </subfield>
      <subfield code="b">il. ; </subfield>
      <subfield code="a">2 v. : </subfield>
      <subfield code="b">il. ; </subfield>
      <subfield code="a">180 p. : </subfield>
      <subfield code="b">il. ; </subfield>
      <subfield code="a">2 v. : </subfield>
      <subfield code="b">il. ; </subfield>
      <subfield code="a">2 v. : </subfield>
      <subfield code="a">510 p. : </subfield>
      <subfield code="a">96 p. : </subfield>
      <subfield code="b">il. ; </subfield>
      <subfield code="a">361 p. : </subfield>
      <subfield code="a">320 p. : </subfield>
      <subfield code="a">2 v. : </subfield>
      <subfield code="a">234 p. : </subfield>
      <subfield code="a">250 p. : </subfield>
      <subfield code="a">242 p. : </subfield>
      <subfield code="a">319 p. : </subfield>
      <subfield code="a">436 p. : </subfield>
      <subfield code="a">187 p. : </subfield>
      <subfield code="a">438 p. : </subfield>
      <subfield code="b">il. ; </subfield>
      <subfield code="a">428 p. : </subfield>
      <subfield code="b">il. ; </subfield>
      <subfield code="a">571 p. : </subfield>
      <subfield code="b">il. ; </subfield>
      <subfield code="a">296 p. : </subfield>
      <subfield code="a">viii, 214 p. : </subfield>
      <subfield code="a">391 p. : </subfield>
      <subfield code="a">305 p. : </subfield>
      <subfield code="b">il. ; </subfield>
      <subfield code="a">376 p. : </subfield>
      <subfield code="a">253 p. : </subfield>
      <subfield code="b">il. ; </subfield>
      <subfield code="a">2 v. : </subfield>
      <subfield code="a">209 p. : </subfield>
      <subfield code="a">274 p. : </subfield>
      <subfield code="a">87 p. : </subfield>
      <subfield code="b">il. ; </subfield>
      <subfield code="a">77 p. : </subfield>
      <subfield code="b">il. ; </subfield>
      <subfield code="a">178 p. : </subfield>
      <subfield code="a">104 p. : </subfield>
      <subfield code="b">il. ; </subfield>
      <subfield code="a">224 p. : </subfield>
      <subfield code="a">77 p. : </subfield>
      <subfield code="b">il. ; </subfield>
      <subfield code="a">240 p. : </subfield>
      <subfield code="a">276 p. : </subfield>
      <subfield code="a">2 v. : </subfield>
      <subfield code="a">254 p. : </subfield>
      <subfield code="a">255 p. : </subfield>
      <subfield code="a">2 v. : </subfield>
      <subfield code="a">294 p. : </subfield>
      <subfield code="a">242 p. : </subfield>
      <subfield code="a">127 p. : </subfield>
      <subfield code="b">il. ; </subfield>
      <subfield code="a">324 p. : </subfield>
      <subfield code="a">150 p. : </subfield>
      <subfield code="a">365 p. : </subfield>
      <subfield code="a">290 p. : </subfield>
      <subfield code="a">2 v. : </subfield>
      <subfield code="a">xviii, 555 p. : </subfield>
      <subfield code="b">il. ; </subfield>
      <subfield code="a">492 p. : </subfield>
      <subfield code="b">il. ; </subfield>
      <subfield code="a">278 p. : </subfield>
      <subfield code="a">355 p. : </subfield>
      <subfield code="a">178 p. : </subfield>
      <subfield code="b">il. ; </subfield>
      <subfield code="a">464 p. : </subfield>
      <subfield code="a">354 p. : </subfield>
      <subfield code="a">2 v. : </subfield>
      <subfield code="a">257 p. : </subfield>
      <subfield code="a">406 p. : </subfield>
      <subfield code="a">251 p. : </subfield>
      <subfield code="a">625 p. : </subfield>
      <subfield code="a">160 p. : </subfield>
      <subfield code="a">429 p. : </subfield>
      <subfield code="b">il. ; </subfield>
      <subfield code="a">140 p. : </subfield>
      <subfield code="a">235 p. : </subfield>
      <subfield code="a">391 p. : </subfield>
      <subfield code="b">il. ; </subfield>
      <subfield code="a">330 p. : </subfield>
      <subfield code="a">251 p. : </subfield>
      <subfield code="a">3 v. : </subfield>
      <subfield code="a">164 p. : </subfield>
      <subfield code="b">il. ; </subfield>
      <subfield code="a">3 v. : </subfield>
      <subfield code="a">153 p. : </subfield>
      <subfield code="a">226 p. : </subfield>
      <subfield code="a">2 v. : </subfield>
      <subfield code="a">438 p. : </subfield>
      <subfield code="a">231 p. : </subfield>
      <subfield code="a">169 p. : </subfield>
      <subfield code="a">244 p. : </subfield>
      <subfield code="a">359 p. : </subfield>
      <subfield code="a">244 p. : </subfield>
      <subfield code="a">214 p. : </subfield>
      <subfield code="a">161 p. : </subfield>
      <subfield code="a">2 v. : </subfield>
      <subfield code="a">403 p. : </subfield>
      <subfield code="a">239 p. : </subfield>
      <subfield code="a">2 v. : </subfield>
      <subfield code="a">414 p. : </subfield>
      <subfield code="a">519 p. : </subfield>
      <subfield code="b">il. ; </subfield>
      <subfield code="a">284 p. : </subfield>
      <subfield code="a">190 p. : </subfield>
      <subfield code="a">189 p. : </subfield>
      <subfield code="a">159 p. : </subfield>
      <subfield code="a">162 p. : </subfield>
      <subfield code="a">284 p. : </subfield>
      <subfield code="a">163 p. : </subfield>
      <subfield code="a">143 p. : </subfield>
      <subfield code="b">il. ; </subfield>
      <subfield code="a">508, 10 p. : </subfield>
      <subfield code="b">il. ; </subfield>
      <subfield code="a">101 p. : </subfield>
      <subfield code="a">139 p. : </subfield>
      <subfield code="b">il. ; </subfield>
      <subfield code="a">186 p. : </subfield>
      <subfield code="b">il. ; </subfield>
      <subfield code="a">[66] h. : </subfield>
      <subfield code="a">481 p. : </subfield>
      <subfield code="a">141 p. : </subfield>
      <subfield code="b">il. ; </subfield>
      <subfield code="a">[82] h. en varias foliaciones : </subfield>
      <subfield code="b">il ; </subfield>
      <subfield code="a">203 p. : </subfield>
      <subfield code="a">239 p. : </subfield>
      <subfield code="a">184 p. : </subfield>
      <subfield code="a">352 p. : </subfield>
      <subfield code="a">217 p. : </subfield>
      <subfield code="a">199 p. : </subfield>
      <subfield code="a">230 p. : </subfield>
      <subfield code="a">219 p. : </subfield>
      <subfield code="a">392 p. : </subfield>
      <subfield code="a">275 p. : </subfield>
      <subfield code="b">il. ; </subfield>
      <subfield code="a">2 v. : </subfield>
      <subfield code="a">446 p. : </subfield>
      <subfield code="a">247 p. : </subfield>
      <subfield code="a">332 p. : </subfield>
      <subfield code="a">247 p. : </subfield>
      <subfield code="b">il. ; </subfield>
      <subfield code="a">136 p. : </subfield>
      <subfield code="a">474 p. : </subfield>
      <subfield code="a">311 p. : </subfield>
      <subfield code="a">187 p. : </subfield>
      <subfield code="a">315 p. : </subfield>
      <subfield code="b">il. ; </subfield>
      <subfield code="a">291 p. : </subfield>
      <subfield code="a">247 p. : </subfield>
      <subfield code="a">2 v. : </subfield>
      <subfield code="a">253 p. : </subfield>
      <subfield code="a">216 p. : </subfield>
      <subfield code="a">280 p. : </subfield>
      <subfield code="a">382 p. : </subfield>
      <subfield code="a">347 p. : </subfield>
      <subfield code="a">231 p. : </subfield>
      <subfield code="a">315 p. : </subfield>
      <subfield code="a">172 p. : </subfield>
      <subfield code="a">351 p. : </subfield>
      <subfield code="a">2 v. : </subfield>
      <subfield code="a">v. : </subfield>
      <subfield code="a">420 p. : </subfield>
      <subfield code="b">il. ; </subfield>
      <subfield code="a">182 p. : </subfield>
      <subfield code="b">il. ; </subfield>
      <subfield code="a">4 t. en 6 v. : </subfield>
      <subfield code="a">146 p. : </subfield>
      <subfield code="b">il. ; </subfield>
      <subfield code="a">483 p. : </subfield>
      <subfield code="a">199 p. : </subfield>
      <subfield code="a">179 p. : </subfield>
      <subfield code="a">x, 140 p. : </subfield>
      <subfield code="b">il. ; </subfield>
      <subfield code="a">488 p. : </subfield>
      <subfield code="a">382 p. : </subfield>
      <subfield code="b">il. ; </subfield>
      <subfield code="a">288 p. : </subfield>
      <subfield code="b">il. ; </subfield>
      <subfield code="a">176 p. : </subfield>
      <subfield code="b">il. ; </subfield>
      <subfield code="a">402 p. : </subfield>
      <subfield code="b">il. ; </subfield>
      <subfield code="a">237 p. : </subfield>
      <subfield code="b">il. ; </subfield>
      <subfield code="a">542 p. : </subfield>
      <subfield code="b">il. ; </subfield>
      <subfield code="a">408 p. : </subfield>
      <subfield code="a">131 p. : </subfield>
      <subfield code="a">280 p. : </subfield>
      <subfield code="b">il. ; </subfield>
      <subfield code="a">301 p. : </subfield>
      <subfield code="b">il. ; </subfield>
      <subfield code="a">151 p. : </subfield>
      <subfield code="a">173 p. : </subfield>
      <subfield code="b">il. ; </subfield>
      <subfield code="a">90 p. : </subfield>
      <subfield code="a">[105] h. en varias foliaciones : </subfield>
      <subfield code="b">il. ; </subfield>
      <subfield code="a">109 p. : </subfield>
      <subfield code="b">il. ; </subfield>
      <subfield code="a">xviii, 1597 p. : </subfield>
      <subfield code="a">186 p. : </subfield>
      <subfield code="a">172 p. : </subfield>
      <subfield code="a">217 p. : </subfield>
      <subfield code="a">214 p. : </subfield>
      <subfield code="a">xvii, 1605 p. : </subfield>
      <subfield code="a">2 v. : </subfield>
      <subfield code="a">206 p. : </subfield>
      <subfield code="a">xi, [1176] p. en varias paginaciones : </subfield>
      <subfield code="b">il. ; </subfield>
      <subfield code="a">xlviii, 371 p. : </subfield>
      <subfield code="a">205 p. : </subfield>
      <subfield code="b">cuadros ; </subfield>
      <subfield code="a">ix, 164 p. : </subfield>
      <subfield code="a">282 p. : </subfield>
      <subfield code="a">207 p. : </subfield>
      <subfield code="a">174 p. : </subfield>
      <subfield code="a">168 p. : </subfield>
      <subfield code="a">227 p. : </subfield>
      <subfield code="b">il. ; </subfield>
      <subfield code="a">311 p. : </subfield>
      <subfield code="b">il. ; </subfield>
      <subfield code="a">156 p. : </subfield>
      <subfield code="a">vii, 349 p. : </subfield>
      <subfield code="b">il. ; </subfield>
      <subfield code="a">173 p. : </subfield>
      <subfield code="a">240 p. : </subfield>
      <subfield code="b">cuadros ; </subfield>
      <subfield code="a">362 p. : </subfield>
      <subfield code="b">cuadros ; </subfield>
      <subfield code="a">vii, 413 p. : </subfield>
      <subfield code="b">il. ; </subfield>
      <subfield code="a">xvii, 367 p. : </subfield>
      <subfield code="a">298 p. : </subfield>
      <subfield code="a">824 p. : </subfield>
      <subfield code="a">284 p. : </subfield>
      <subfield code="b">il. ; </subfield>
      <subfield code="a">2 v. : </subfield>
      <subfield code="b">il. ; </subfield>
      <subfield code="a">324 p. : </subfield>
      <subfield code="a">269 p. : </subfield>
      <subfield code="a">246 p. : </subfield>
      <subfield code="a">337 p. : </subfield>
      <subfield code="b">il. ; </subfield>
      <subfield code="a">575 p. : </subfield>
      <subfield code="b">il. ; </subfield>
      <subfield code="a">159 p. : </subfield>
      <subfield code="a">vi, 381 p. : </subfield>
      <subfield code="b">il. ; </subfield>
      <subfield code="a">vii, 353 p. : </subfield>
      <subfield code="b">il. ; </subfield>
      <subfield code="a">172 p. : </subfield>
      <subfield code="b">il. ; </subfield>
      <subfield code="a">337 p. : </subfield>
      <subfield code="b">il. ; </subfield>
      <subfield code="a">207 p. : </subfield>
      <subfield code="b">il. ; </subfield>
      <subfield code="a">414 p. : </subfield>
      <subfield code="a">416 p. : </subfield>
      <subfield code="a">343 p. : </subfield>
      <subfield code="a">276 p. : </subfield>
      <subfield code="a">174 p. : </subfield>
      <subfield code="a">xxviii, 120 p. : </subfield>
      <subfield code="b">il. ; </subfield>
      <subfield code="a">xxi, 523 p. : </subfield>
      <subfield code="b">il. ; </subfield>
      <subfield code="a">xxvii, 371 p. : </subfield>
      <subfield code="b">il. ; </subfield>
      <subfield code="a">xx, 229 p. : </subfield>
      <subfield code="a">xix, 694 p. : </subfield>
      <subfield code="b">il. ; </subfield>
      <subfield code="a">184 p. : </subfield>
      <subfield code="a">xxvi, 239 p. : </subfield>
      <subfield code="b">il. ; </subfield>
      <subfield code="a">2 v. : </subfield>
      <subfield code="a">307 p. : </subfield>
      <subfield code="a">121 p. : </subfield>
      <subfield code="a">158 p. : </subfield>
      <subfield code="a">118 p. : </subfield>
      <subfield code="b">il. ; </subfield>
      <subfield code="a">156 p. : </subfield>
      <subfield code="a">140 p. : </subfield>
      <subfield code="a">132 p. : </subfield>
      <subfield code="a">132 p. : </subfield>
      <subfield code="a">111 p. : </subfield>
      <subfield code="a">283 p. : </subfield>
      <subfield code="b">il. ; </subfield>
      <subfield code="a">271 p. : </subfield>
      <subfield code="a">173 p. : </subfield>
      <subfield code="a">117 p. : </subfield>
      <subfield code="b">il. ; </subfield>
      <subfield code="a">245 p. : </subfield>
      <subfield code="a">168 p. : </subfield>
      <subfield code="a">186 p. : </subfield>
      <subfield code="a">175 p. : </subfield>
      <subfield code="a">363 p. : </subfield>
      <subfield code="a">2 v. : </subfield>
      <subfield code="a">253 p. : </subfield>
      <subfield code="a">234 p. : </subfield>
      <subfield code="b">il. ; </subfield>
      <subfield code="a">580 p. : </subfield>
      <subfield code="b">il. ; </subfield>
      <subfield code="a">632 p. : </subfield>
      <subfield code="b">il. ; </subfield>
      <subfield code="a">156 p. : </subfield>
      <subfield code="b">il. ; </subfield>
      <subfield code="a">xxxii, 1084 p. : </subfield>
      <subfield code="b">il. ; </subfield>
      <subfield code="e">2 CD-ROM en bolsillo</subfield>
    </datafield>
    <datafield tag="505" ind1=" " ind2=" ">
      <subfield code="a">Contenido del CD-ROM 1: Notas resumidas -- Herramientas de aprendizaje -- Problemas de ejemplos reales -- Anaquel de referencia profesional -- Material adicional de estudio -- El software más moderno para resolver problemas de la era digital -- CD 2. COMSOL Multiphysics v.3.1 Versión Ecre para uso con Windows</subfield>
    </datafield>
    <datafield tag="650" ind1=" " ind2=" ">
      <subfield code="a"> INGENIERIA QUIMICA</subfield>
    </datafield>
    <datafield tag="650" ind1=" " ind2=" ">
      <subfield code="a"> REACCIONES QUIMICAS</subfield>
    </datafield>
    <datafield tag="942" ind1=" " ind2=" ">
      <subfield code="c">BK</subfield>
    </datafield>
    <datafield tag="952" ind1=" " ind2=" ">
      <subfield code="a">BIB_RECT</subfield>
      <subfield code="b">BIB_UARG</subfield>
      <subfield code="d">2011-08-29</subfield>
      <subfield code="y">BK</subfield>
      <subfield code="p">05-41297</subfield>
      <subfield code="i">05-41297</subfield>
      <subfield code="g">174</subfield>
      <subfield code="o">66.09 F656e4</subfield>
      <subfield code="e">Compra SIUNPA</subfield>
      <subfield code="8">CG</subfield>
    </datafield>
  </record>