
  <record>
    <leader>01000aam  22002601a 4500</leader>
    <controlfield tag="001">YPZ94359</controlfield>
    <controlfield tag="003">YPZ</controlfield>
    <controlfield tag="005">201109011717250</controlfield>
    <controlfield tag="008">110901|###########||||||b||||||||||spa|d</controlfield>
    <datafield tag="020" ind1=" " ind2=" ">
      <subfield code="a">8420000078</subfield>
    </datafield>
    <datafield tag="040" ind1=" " ind2=" ">
      <subfield code="c">SIUNPA</subfield>
    </datafield>
    <datafield tag="041" ind1=" " ind2=" ">
      <subfield code="a">spa</subfield>
    </datafield>
    <datafield tag="044" ind1=" " ind2=" ">
      <subfield code="a">ES</subfield>
    </datafield>
    <datafield tag="080" ind1=" " ind2=" ">
      <subfield code="a">639.4 I94c2</subfield>
    </datafield>
    <datafield tag="100" ind1=" " ind2=" ">
      <subfield code="a">Iversen, E.S..</subfield>
    </datafield>
    <datafield tag="245" ind1=" " ind2=" ">
      <subfield code="a">Cultivos marinos</subfield>
      <subfield code="b"> : peces, moluscos, crustáceos</subfield>
      <subfield code="c"> / Puerta López, María Luisa, tr</subfield>
    </datafield>
    <datafield tag="250" ind1=" " ind2=" ">
      <subfield code="a">2a ed. española</subfield>
    </datafield>
    <datafield tag="260" ind1=" " ind2=" ">
      <subfield code="a">Zaragoza</subfield>
      <subfield code="b"> : Acribia</subfield>
      <subfield code="c"> , 1982</subfield>
    </datafield>
    <datafield tag="650" ind1=" " ind2=" ">
      <subfield code="a"> ACUICULTURA  PISCICULTURA</subfield>
    </datafield>
    <datafield tag="650" ind1=" " ind2=" ">
      <subfield code="a"> CRIA DE MARISCOS </subfield>
    </datafield>
    <datafield tag="650" ind1=" " ind2=" ">
      <subfield code="a"> TECNICAS DE ACUICULTURA</subfield>
    </datafield>
    <datafield tag="650" ind1=" " ind2=" ">
      <subfield code="a"> CRIA DE MOLUSCOS </subfield>
    </datafield>
    <datafield tag="650" ind1=" " ind2=" ">
      <subfield code="a">CRIA DE CRUSTACEOS</subfield>
    </datafield>
    <datafield tag="650" ind1=" " ind2=" ">
      <subfield code="a"> OSTRICULTURA</subfield>
    </datafield>
    <datafield tag="650" ind1=" " ind2=" ">
      <subfield code="a">CULTIVO DE ALGAS</subfield>
    </datafield>
    <datafield tag="942" ind1=" " ind2=" ">
      <subfield code="c">BK</subfield>
    </datafield>
    <datafield tag="952" ind1=" " ind2=" ">
      <subfield code="a">BIB_RECT</subfield>
      <subfield code="b">BIB_UASJ</subfield>
      <subfield code="d">2011-08-29</subfield>
      <subfield code="y">BK</subfield>
      <subfield code="p">04-41304</subfield>
      <subfield code="i">04-41304</subfield>
      <subfield code="g">186</subfield>
      <subfield code="o">639.4 I94c2</subfield>
      <subfield code="e">Compra SIUNPA</subfield>
      <subfield code="8">CG</subfield>
    </datafield>
    <datafield tag="952" ind1=" " ind2=" ">
      <subfield code="a">BIB_RECT</subfield>
      <subfield code="b">BIB_UARG</subfield>
      <subfield code="d">2012-03-21</subfield>
      <subfield code="y">BK</subfield>
      <subfield code="p">05-08366</subfield>
      <subfield code="i">05-08366</subfield>
      <subfield code="g">100</subfield>
      <subfield code="o">639.4 I94c2</subfield>
      <subfield code="e">Subsidio Nac/94</subfield>
      <subfield code="8">CG</subfield>
    </datafield>
  </record>