
  <record>
    <leader>01000aam  22002601a 4500</leader>
    <controlfield tag="001">YPZ94361</controlfield>
    <controlfield tag="003">YPZ</controlfield>
    <controlfield tag="005">201109011809300</controlfield>
    <controlfield tag="008">110901|###########||||||b||||||||||spa|d</controlfield>
    <datafield tag="020" ind1=" " ind2=" ">
      <subfield code="a">9788478290949</subfield>
    </datafield>
    <datafield tag="040" ind1=" " ind2=" ">
      <subfield code="c">SIUNPA</subfield>
    </datafield>
    <datafield tag="041" ind1=" " ind2=" ">
      <subfield code="a">spa</subfield>
    </datafield>
    <datafield tag="044" ind1=" " ind2=" ">
      <subfield code="a">ES</subfield>
    </datafield>
    <datafield tag="080" ind1=" " ind2=" ">
      <subfield code="a">611 M334a9</subfield>
    </datafield>
    <datafield tag="100" ind1=" " ind2=" ">
      <subfield code="a">Marieb, Elaine N..</subfield>
    </datafield>
    <datafield tag="245" ind1=" " ind2=" ">
      <subfield code="a">Anatomía y fisiología humana</subfield>
      <subfield code="b"> : novena edición</subfield>
      <subfield code="c"> / Ediciones Gráficas Arial, tr. ; Sánchez Carralero, Jose, rev. técnica ; Muñoz Céspedes, Alberto, rev. técnica</subfield>
    </datafield>
    <datafield tag="250" ind1=" " ind2=" ">
      <subfield code="a">9a ed.</subfield>
    </datafield>
    <datafield tag="260" ind1=" " ind2=" ">
      <subfield code="a">Madrid</subfield>
      <subfield code="b"> : Pearson Educación</subfield>
      <subfield code="c"> , 2010</subfield>
    </datafield>
    <datafield tag="300" ind1=" " ind2=" ">
      <subfield code="a">xxvi, 283 p. : </subfield>
      <subfield code="b">il. ; </subfield>
      <subfield code="a">v. : </subfield>
      <subfield code="b">il. ; </subfield>
      <subfield code="a">xxi, 423 p. : </subfield>
      <subfield code="b">il. ; </subfield>
      <subfield code="a">xv, [906] p. en varias paginaciones : </subfield>
      <subfield code="b">il. ; </subfield>
      <subfield code="a">214 p. : </subfield>
      <subfield code="b">il. ; </subfield>
      <subfield code="a">501 p. : </subfield>
      <subfield code="b">il. ; </subfield>
      <subfield code="a">xi, 163 p. : </subfield>
      <subfield code="b">il. ; </subfield>
      <subfield code="a">192 p. : </subfield>
      <subfield code="b">il. ; </subfield>
      <subfield code="a">288 p. : </subfield>
      <subfield code="b">il. ; </subfield>
      <subfield code="a">272 p. : </subfield>
      <subfield code="b">il. ; </subfield>
      <subfield code="a">256 p. : </subfield>
      <subfield code="b">il. ; </subfield>
      <subfield code="a">xviii, 1220 p. : </subfield>
      <subfield code="b">il. ; </subfield>
      <subfield code="a">xi, 449 p. : </subfield>
      <subfield code="b">il. ; </subfield>
      <subfield code="a">271 p. : </subfield>
      <subfield code="b">il. ; </subfield>
      <subfield code="a">415 p. : </subfield>
      <subfield code="b">il. ; </subfield>
      <subfield code="a">347 p. : </subfield>
      <subfield code="b">il. ; </subfield>
      <subfield code="a">xxiv, 629 p. : </subfield>
      <subfield code="b">il ; </subfield>
      <subfield code="e">1 CD-ROM en bolsillo</subfield>
    </datafield>
    <datafield tag="650" ind1=" " ind2=" ">
      <subfield code="a"> ANATOMIA  REPRODUCCION (FISIOLOGIA)</subfield>
    </datafield>
    <datafield tag="650" ind1=" " ind2=" ">
      <subfield code="a"> FISIOLOGIA HUMANA </subfield>
    </datafield>
    <datafield tag="650" ind1=" " ind2=" ">
      <subfield code="a"> APARATO DIGESTIVO</subfield>
    </datafield>
    <datafield tag="650" ind1=" " ind2=" ">
      <subfield code="a"> SISTEMA NERVIOSO</subfield>
    </datafield>
    <datafield tag="650" ind1=" " ind2=" ">
      <subfield code="a"> SISTEMA CARDIOVASCULAR</subfield>
    </datafield>
    <datafield tag="650" ind1=" " ind2=" ">
      <subfield code="a"> APARATO RESPIRATORIO</subfield>
    </datafield>
    <datafield tag="942" ind1=" " ind2=" ">
      <subfield code="c">BK</subfield>
    </datafield>
    <datafield tag="952" ind1=" " ind2=" ">
      <subfield code="a">BIB_RECT</subfield>
      <subfield code="b">BIB_UASJ</subfield>
      <subfield code="d">2011-08-29</subfield>
      <subfield code="y">BK</subfield>
      <subfield code="p">04-41298</subfield>
      <subfield code="i">04-41298</subfield>
      <subfield code="g">194</subfield>
      <subfield code="o">611 M334a9</subfield>
      <subfield code="e">Compra SIUNPA</subfield>
      <subfield code="8">CG</subfield>
    </datafield>
    <datafield tag="952" ind1=" " ind2=" ">
      <subfield code="a">BIB_RECT</subfield>
      <subfield code="b">BIB_UASJ</subfield>
      <subfield code="d">2011-08-29</subfield>
      <subfield code="y">BK</subfield>
      <subfield code="p">04-41299</subfield>
      <subfield code="i">04-41299</subfield>
      <subfield code="g">194</subfield>
      <subfield code="o">611 M334a9</subfield>
      <subfield code="e">Compra SIUNPA</subfield>
      <subfield code="8">CG</subfield>
    </datafield>
    <datafield tag="952" ind1=" " ind2=" ">
      <subfield code="a">BIB_RECT</subfield>
      <subfield code="b">BIB_UASJ</subfield>
      <subfield code="d">2011-08-29</subfield>
      <subfield code="y">BK</subfield>
      <subfield code="p">04-41300</subfield>
      <subfield code="i">04-41300</subfield>
      <subfield code="g">194</subfield>
      <subfield code="o">611 M334a9</subfield>
      <subfield code="e">Compra SIUNPA</subfield>
      <subfield code="8">CG</subfield>
    </datafield>
  </record>