
  <record>
    <leader>01000aam  22002601a 4500</leader>
    <controlfield tag="001">YPZ94391</controlfield>
    <controlfield tag="003">YPZ</controlfield>
    <controlfield tag="005">201109071815320</controlfield>
    <controlfield tag="008">110907|###########||||||b||||||||||spa|d</controlfield>
    <datafield tag="020" ind1=" " ind2=" ">
      <subfield code="a">9789701513934</subfield>
    </datafield>
    <datafield tag="040" ind1=" " ind2=" ">
      <subfield code="c">SIUNPA</subfield>
    </datafield>
    <datafield tag="041" ind1=" " ind2=" ">
      <subfield code="a">spa</subfield>
    </datafield>
    <datafield tag="044" ind1=" " ind2=" ">
      <subfield code="a">MX</subfield>
    </datafield>
    <datafield tag="080" ind1=" " ind2=" ">
      <subfield code="a">004.738.5 O745d2</subfield>
    </datafield>
    <datafield tag="100" ind1=" " ind2=" ">
      <subfield code="a">Orós Cabello, Juan Carlos.</subfield>
    </datafield>
    <datafield tag="245" ind1=" " ind2=" ">
      <subfield code="a">Diseño de páginas web con XHTML, JavaScript y CSS</subfield>
    </datafield>
    <datafield tag="250" ind1=" " ind2=" ">
      <subfield code="a">2a ed. ampl. y actual., 1a reimpr.</subfield>
    </datafield>
    <datafield tag="260" ind1=" " ind2=" ">
      <subfield code="a">México, DF</subfield>
      <subfield code="b"> : Alfaomega</subfield>
      <subfield code="c"> , 2009</subfield>
    </datafield>
    <datafield tag="300" ind1=" " ind2=" ">
      <subfield code="a">475 p. : </subfield>
      <subfield code="b">il. ; </subfield>
      <subfield code="a">xvii, 367 p. : </subfield>
      <subfield code="a">xxiv, 586 p. : </subfield>
      <subfield code="a">347 p. : </subfield>
      <subfield code="a">v. : </subfield>
      <subfield code="a">249 p. : </subfield>
      <subfield code="a">310 p. : </subfield>
      <subfield code="b">il. ; </subfield>
      <subfield code="a">xxii, 195 p. : </subfield>
      <subfield code="a">280 p. : </subfield>
      <subfield code="b">il. ; </subfield>
      <subfield code="a">269 p. : </subfield>
      <subfield code="a">231 p. : </subfield>
      <subfield code="a">3 v. : </subfield>
      <subfield code="b">il. ; </subfield>
      <subfield code="a">249 p. : </subfield>
      <subfield code="a">188 p. : </subfield>
      <subfield code="b">cuadros ; </subfield>
      <subfield code="a">814 p. : </subfield>
      <subfield code="a">210 p. : </subfield>
      <subfield code="a">xv, 388 p. : </subfield>
      <subfield code="a">110 p. : </subfield>
      <subfield code="b">il. ; </subfield>
      <subfield code="a">319 p. : </subfield>
      <subfield code="b">il. ; </subfield>
      <subfield code="a">150 p. : </subfield>
      <subfield code="b">il. ; </subfield>
      <subfield code="a">v. : </subfield>
      <subfield code="b">il. ; </subfield>
      <subfield code="a">187 p. : </subfield>
      <subfield code="a">84 p. : </subfield>
      <subfield code="a">xi, 564 p. : </subfield>
      <subfield code="b">il. ; </subfield>
      <subfield code="a">209 p. : </subfield>
      <subfield code="b">il. ; </subfield>
      <subfield code="a">128 p. : </subfield>
      <subfield code="a">443 p. : </subfield>
      <subfield code="b">il. ; </subfield>
      <subfield code="a">xxiii, 356 p. : </subfield>
      <subfield code="b">il. ; </subfield>
      <subfield code="e">1 CD-ROM en bolsillo</subfield>
    </datafield>
    <datafield tag="500" ind1=" " ind2=" ">
      <subfield code="a">Tít. de partida: Navegar en Internet</subfield>
    </datafield>
    <datafield tag="500" ind1=" " ind2=" ">
      <subfield code="a">Contenido del CD-ROM: contiene ejercicios estudiados en los capítulos e infinidad de ejemplos con los que el usuario podrá ver, entender, aprender y afianzar todas las explicaciones</subfield>
    </datafield>
    <datafield tag="650" ind1=" " ind2=" ">
      <subfield code="a"> DISEÑO WEB</subfield>
    </datafield>
    <datafield tag="650" ind1=" " ind2=" ">
      <subfield code="a"> PAGINA WEB</subfield>
    </datafield>
    <datafield tag="650" ind1=" " ind2=" ">
      <subfield code="a"> INTERNET </subfield>
    </datafield>
    <datafield tag="650" ind1=" " ind2=" ">
      <subfield code="a"> LENGUAJE JAVA</subfield>
    </datafield>
    <datafield tag="650" ind1=" " ind2=" ">
      <subfield code="a"> LENGUAJES DE PROGRAMACION</subfield>
    </datafield>
    <datafield tag="942" ind1=" " ind2=" ">
      <subfield code="c">BK</subfield>
    </datafield>
    <datafield tag="952" ind1=" " ind2=" ">
      <subfield code="a">BIB_RECT</subfield>
      <subfield code="b">BIB_UACO</subfield>
      <subfield code="d">2011-09-08</subfield>
      <subfield code="y">BK</subfield>
      <subfield code="p">02-41354</subfield>
      <subfield code="i">02-41354</subfield>
      <subfield code="g">101</subfield>
      <subfield code="o">004.738.5 O745d2</subfield>
      <subfield code="e">Compra SIUNPA</subfield>
      <subfield code="8">CG</subfield>
    </datafield>
    <datafield tag="952" ind1=" " ind2=" ">
      <subfield code="a">BIB_RECT</subfield>
      <subfield code="b">BIB_UACO</subfield>
      <subfield code="d">2011-09-08</subfield>
      <subfield code="y">BK</subfield>
      <subfield code="p">02-41355</subfield>
      <subfield code="i">02-41355</subfield>
      <subfield code="g">101</subfield>
      <subfield code="o">004.738.5 O745d2</subfield>
      <subfield code="e">Compra SIUNPA</subfield>
      <subfield code="8">CG</subfield>
    </datafield>
  </record>