
  <record>
    <leader>01000aam  22002601a 4500</leader>
    <controlfield tag="001">YPZ94407</controlfield>
    <controlfield tag="003">YPZ</controlfield>
    <controlfield tag="005">201109161621380</controlfield>
    <controlfield tag="008">110916|###########||||||b||||||||||spa|d</controlfield>
    <datafield tag="020" ind1=" " ind2=" ">
      <subfield code="a">9508021977</subfield>
    </datafield>
    <datafield tag="040" ind1=" " ind2=" ">
      <subfield code="c">SIUNPA</subfield>
    </datafield>
    <datafield tag="041" ind1=" " ind2=" ">
      <subfield code="a">spa</subfield>
    </datafield>
    <datafield tag="044" ind1=" " ind2=" ">
      <subfield code="a">AR</subfield>
    </datafield>
    <datafield tag="080" ind1=" " ind2=" ">
      <subfield code="a">364.442.2 C749n 1</subfield>
    </datafield>
    <datafield tag="110" ind1=" " ind2=" ">
      <subfield code="a">Congreso Nacional de Trabajo Social del Centro de la Provincia de Buenos Aires (1 : 2003 : Tandil).</subfield>
    </datafield>
    <datafield tag="245" ind1=" " ind2=" ">
      <subfield code="a">El trabajo social y la cuestión social</subfield>
      <subfield code="b"> : crisis, movimientos sociales y ciudadanía</subfield>
      <subfield code="c"> / Fernández Soto, Silvia, coord.</subfield>
    </datafield>
    <datafield tag="250" ind1=" " ind2=" ">
      <subfield code="a">1a ed.</subfield>
    </datafield>
    <datafield tag="260" ind1=" " ind2=" ">
      <subfield code="a">Buenos Aires</subfield>
      <subfield code="b"> : Espacio</subfield>
      <subfield code="c"> , 2005</subfield>
    </datafield>
    <datafield tag="650" ind1=" " ind2=" ">
      <subfield code="a"> TRABAJO SOCIAL</subfield>
    </datafield>
    <datafield tag="650" ind1=" " ind2=" ">
      <subfield code="a"> CAMBIO SOCIAL</subfield>
    </datafield>
    <datafield tag="650" ind1=" " ind2=" ">
      <subfield code="a"> DESARROLLO COMUNITARIO</subfield>
    </datafield>
    <datafield tag="650" ind1=" " ind2=" ">
      <subfield code="a"> POLITICAS SOCIALES</subfield>
    </datafield>
    <datafield tag="942" ind1=" " ind2=" ">
      <subfield code="c">BK</subfield>
    </datafield>
    <datafield tag="952" ind1=" " ind2=" ">
      <subfield code="a">BIB_RECT</subfield>
      <subfield code="b">BIB_UACO</subfield>
      <subfield code="d">2011-09-15</subfield>
      <subfield code="y">BK</subfield>
      <subfield code="p">02-41463</subfield>
      <subfield code="i">02-41463</subfield>
      <subfield code="g">55.8</subfield>
      <subfield code="o">364.442.2 C749n 1</subfield>
      <subfield code="e">Compra SIUNPA</subfield>
      <subfield code="8">CG</subfield>
    </datafield>
    <datafield tag="952" ind1=" " ind2=" ">
      <subfield code="a">BIB_RECT</subfield>
      <subfield code="b">BIB_UACO</subfield>
      <subfield code="d">2011-09-15</subfield>
      <subfield code="y">BK</subfield>
      <subfield code="p">02-41464</subfield>
      <subfield code="i">02-41464</subfield>
      <subfield code="g">55.8</subfield>
      <subfield code="o">364.442.2 C749n 1</subfield>
      <subfield code="e">Compra SIUNPA</subfield>
      <subfield code="8">CG</subfield>
    </datafield>
    <datafield tag="952" ind1=" " ind2=" ">
      <subfield code="a">BIB_RECT</subfield>
      <subfield code="b">BIB_UACO</subfield>
      <subfield code="d">2011-09-15</subfield>
      <subfield code="y">BK</subfield>
      <subfield code="p">02-41465</subfield>
      <subfield code="i">02-41465</subfield>
      <subfield code="g">55.8</subfield>
      <subfield code="o">364.442.2 C749n 1</subfield>
      <subfield code="e">Compra SIUNPA</subfield>
      <subfield code="8">CG</subfield>
    </datafield>
    <datafield tag="952" ind1=" " ind2=" ">
      <subfield code="a">BIB_RECT</subfield>
      <subfield code="b">BIB_UACO</subfield>
      <subfield code="d">2011-09-15</subfield>
      <subfield code="y">BK</subfield>
      <subfield code="p">02-41466</subfield>
      <subfield code="i">02-41466</subfield>
      <subfield code="g">55.8</subfield>
      <subfield code="o">364.442.2 C749n 1</subfield>
      <subfield code="e">Compra SIUNPA</subfield>
      <subfield code="8">CG</subfield>
    </datafield>
  </record>