
  <record>
    <leader>01000aam  22002601a 4500</leader>
    <controlfield tag="001">YPZ94408</controlfield>
    <controlfield tag="003">YPZ</controlfield>
    <controlfield tag="005">201109161621580</controlfield>
    <controlfield tag="008">110916|###########||||||b||||||||||spa|d</controlfield>
    <datafield tag="020" ind1=" " ind2=" ">
      <subfield code="a">9789501261547</subfield>
    </datafield>
    <datafield tag="040" ind1=" " ind2=" ">
      <subfield code="c">SIUNPA</subfield>
    </datafield>
    <datafield tag="041" ind1=" " ind2=" ">
      <subfield code="a">spa</subfield>
    </datafield>
    <datafield tag="044" ind1=" " ind2=" ">
      <subfield code="a">AR</subfield>
    </datafield>
    <datafield tag="080" ind1=" " ind2=" ">
      <subfield code="a">37.02 S115s</subfield>
    </datafield>
    <datafield tag="100" ind1=" " ind2=" ">
      <subfield code="a">Camilloni, Alicia R.W. de.</subfield>
    </datafield>
    <datafield tag="700" ind1=" " ind2=" ">
      <subfield code="a">Cols, Estela.</subfield>
    </datafield>
    <datafield tag="700" ind1=" " ind2=" ">
      <subfield code="a">Basabe, Laura.</subfield>
    </datafield>
    <datafield tag="700" ind1=" " ind2=" ">
      <subfield code="a">Feeney, Silvina.</subfield>
    </datafield>
    <datafield tag="245" ind1=" " ind2=" ">
      <subfield code="a">El saber didáctico</subfield>
    </datafield>
    <datafield tag="250" ind1=" " ind2=" ">
      <subfield code="a">1a ed.</subfield>
    </datafield>
    <datafield tag="260" ind1=" " ind2=" ">
      <subfield code="a">Buenos Aires</subfield>
      <subfield code="b"> : Paidós</subfield>
      <subfield code="c"> , c2007</subfield>
    </datafield>
    <datafield tag="440" ind1=" " ind2=" ">
      <subfield code="a">Colección práctica. Informática</subfield>
      <subfield code="a">Colección Ciencias Sociales / Espacio</subfield>
      <subfield code="a">Cuestiones de educación</subfield>
      <subfield code="v">54</subfield>
    </datafield>
    <datafield tag="490" ind1=" " ind2=" ">
      <subfield code="a">Colección práctica. Informática</subfield>
      <subfield code="a">Colección Ciencias Sociales / Espacio</subfield>
      <subfield code="a">Cuestiones de educación</subfield>
      <subfield code="v">54</subfield>
    </datafield>
    <datafield tag="500" ind1=" " ind2=" ">
      <subfield code="a">El año de reimpresión varía según el ejemplar</subfield>
    </datafield>
    <datafield tag="650" ind1=" " ind2=" ">
      <subfield code="a"> DIDACTICA</subfield>
    </datafield>
    <datafield tag="942" ind1=" " ind2=" ">
      <subfield code="c">BK</subfield>
    </datafield>
    <datafield tag="952" ind1=" " ind2=" ">
      <subfield code="a">BIB_RECT</subfield>
      <subfield code="b">BIB_UACO</subfield>
      <subfield code="d">2011-09-15</subfield>
      <subfield code="y">BK</subfield>
      <subfield code="p">02-41453</subfield>
      <subfield code="i">02-41453</subfield>
      <subfield code="g">57.5</subfield>
      <subfield code="o">37.02 S115s</subfield>
      <subfield code="e">Compra SIUNPA</subfield>
      <subfield code="8">CG</subfield>
    </datafield>
    <datafield tag="952" ind1=" " ind2=" ">
      <subfield code="a">BIB_RECT</subfield>
      <subfield code="b">BIB_UACO</subfield>
      <subfield code="d">2011-09-15</subfield>
      <subfield code="y">BK</subfield>
      <subfield code="p">02-41454</subfield>
      <subfield code="i">02-41454</subfield>
      <subfield code="g">57.5</subfield>
      <subfield code="o">37.02 S115s</subfield>
      <subfield code="e">Compra SIUNPA</subfield>
      <subfield code="8">CG</subfield>
    </datafield>
    <datafield tag="952" ind1=" " ind2=" ">
      <subfield code="a">BIB_RECT</subfield>
      <subfield code="b">BIB_UACO</subfield>
      <subfield code="d">2011-09-15</subfield>
      <subfield code="y">BK</subfield>
      <subfield code="p">02-41455</subfield>
      <subfield code="i">02-41455</subfield>
      <subfield code="g">57.5</subfield>
      <subfield code="o">37.02 S115s</subfield>
      <subfield code="e">Compra SIUNPA</subfield>
      <subfield code="8">CG</subfield>
    </datafield>
    <datafield tag="952" ind1=" " ind2=" ">
      <subfield code="a">BIB_RECT</subfield>
      <subfield code="b">BIB_UACO</subfield>
      <subfield code="d">2011-09-15</subfield>
      <subfield code="y">BK</subfield>
      <subfield code="p">02-41456</subfield>
      <subfield code="i">02-41456</subfield>
      <subfield code="g">57.5</subfield>
      <subfield code="o">37.02 S115s</subfield>
      <subfield code="e">Compra SIUNPA</subfield>
      <subfield code="8">CG</subfield>
    </datafield>
    <datafield tag="952" ind1=" " ind2=" ">
      <subfield code="a">BIB_RECT</subfield>
      <subfield code="b">BIB_UASJ</subfield>
      <subfield code="d">2012-09-04</subfield>
      <subfield code="y">BK</subfield>
      <subfield code="p">04-43024</subfield>
      <subfield code="i">04-43024</subfield>
      <subfield code="g">71.5</subfield>
      <subfield code="o">37.02 S115s</subfield>
      <subfield code="e">Compra SIUNPA</subfield>
      <subfield code="8">CG</subfield>
    </datafield>
  </record>