
  <record>
    <leader>01000aam  22002601a 4500</leader>
    <controlfield tag="001">YPZ94411</controlfield>
    <controlfield tag="003">YPZ</controlfield>
    <controlfield tag="005">201109161834070</controlfield>
    <controlfield tag="008">110916|###########||||||b||||||||||spa|d</controlfield>
    <datafield tag="020" ind1=" " ind2=" ">
      <subfield code="a">8428326827</subfield>
    </datafield>
    <datafield tag="040" ind1=" " ind2=" ">
      <subfield code="c">SIUNPA</subfield>
    </datafield>
    <datafield tag="041" ind1=" " ind2=" ">
      <subfield code="a">spa</subfield>
    </datafield>
    <datafield tag="044" ind1=" " ind2=" ">
      <subfield code="a">ES</subfield>
    </datafield>
    <datafield tag="080" ind1=" " ind2=" ">
      <subfield code="a">628.517.2 R381r</subfield>
    </datafield>
    <datafield tag="100" ind1=" " ind2=" ">
      <subfield code="a">Rejano de la Rosa, Manuel.</subfield>
    </datafield>
    <datafield tag="245" ind1=" " ind2=" ">
      <subfield code="a">Ruido industrial y urbano</subfield>
    </datafield>
    <datafield tag="260" ind1=" " ind2=" ">
      <subfield code="a">Madrid</subfield>
      <subfield code="b"> : Paraninfo</subfield>
      <subfield code="c"> , 2000</subfield>
    </datafield>
    <datafield tag="650" ind1=" " ind2=" ">
      <subfield code="a"> RUIDO  OSCILACIONES</subfield>
    </datafield>
    <datafield tag="650" ind1=" " ind2=" ">
      <subfield code="a"> CONTROL DEL RUIDO</subfield>
    </datafield>
    <datafield tag="650" ind1=" " ind2=" ">
      <subfield code="a"> AMBIENTE ACUSTICO</subfield>
    </datafield>
    <datafield tag="942" ind1=" " ind2=" ">
      <subfield code="c">BK</subfield>
    </datafield>
    <datafield tag="952" ind1=" " ind2=" ">
      <subfield code="a">BIB_RECT</subfield>
      <subfield code="b">BIB_UART</subfield>
      <subfield code="d">2011-09-13</subfield>
      <subfield code="y">BK</subfield>
      <subfield code="p">03-41417</subfield>
      <subfield code="i">03-41417</subfield>
      <subfield code="g">117.2</subfield>
      <subfield code="o">628.517.2 R381r</subfield>
      <subfield code="e">Compra SIUNPA</subfield>
      <subfield code="8">CG</subfield>
    </datafield>
    <datafield tag="952" ind1=" " ind2=" ">
      <subfield code="a">BIB_RECT</subfield>
      <subfield code="b">BIB_UART</subfield>
      <subfield code="d">2011-09-15</subfield>
      <subfield code="y">BK</subfield>
      <subfield code="p">03-41418</subfield>
      <subfield code="i">03-41418</subfield>
      <subfield code="g">117.2</subfield>
      <subfield code="o">628.517.2 R381r</subfield>
      <subfield code="e">Compra SIUNPA</subfield>
      <subfield code="8">CG</subfield>
    </datafield>
    <datafield tag="952" ind1=" " ind2=" ">
      <subfield code="a">BIB_RECT</subfield>
      <subfield code="b">BIB_UART</subfield>
      <subfield code="d">2013-02-27</subfield>
      <subfield code="y">BK</subfield>
      <subfield code="p">03-43946</subfield>
      <subfield code="i">03-43946</subfield>
      <subfield code="g">270</subfield>
      <subfield code="o">628.517.2 R381r</subfield>
      <subfield code="e">Compra SIUNPA</subfield>
      <subfield code="8">CG</subfield>
    </datafield>
    <datafield tag="952" ind1=" " ind2=" ">
      <subfield code="a">BIB_RECT</subfield>
      <subfield code="b">BIB_UART</subfield>
      <subfield code="d">2013-02-27</subfield>
      <subfield code="y">BK</subfield>
      <subfield code="p">03-43947</subfield>
      <subfield code="i">03-43947</subfield>
      <subfield code="g">270</subfield>
      <subfield code="o">628.517.2 R381r</subfield>
      <subfield code="e">Compra SIUNPA</subfield>
      <subfield code="8">CG</subfield>
    </datafield>
    <datafield tag="952" ind1=" " ind2=" ">
      <subfield code="a">BIB_RECT</subfield>
      <subfield code="b">BIB_UART</subfield>
      <subfield code="d">2013-04-03</subfield>
      <subfield code="y">BK</subfield>
      <subfield code="p">03-44394</subfield>
      <subfield code="i">03-44394</subfield>
      <subfield code="g">185</subfield>
      <subfield code="o">628.517.2 R381r</subfield>
      <subfield code="e">Compra SIUNPA</subfield>
      <subfield code="8">CG</subfield>
    </datafield>
    <datafield tag="952" ind1=" " ind2=" ">
      <subfield code="a">BIB_RECT</subfield>
      <subfield code="b">BIB_UART</subfield>
      <subfield code="d">2013-04-03</subfield>
      <subfield code="y">BK</subfield>
      <subfield code="p">03-44395</subfield>
      <subfield code="i">03-44395</subfield>
      <subfield code="g">185</subfield>
      <subfield code="o">628.517.2 R381r</subfield>
      <subfield code="e">Compra SIUNPA</subfield>
      <subfield code="8">CG</subfield>
    </datafield>
  </record>