
  <record>
    <leader>01000aam  22002601a 4500</leader>
    <controlfield tag="001">YPZ94413</controlfield>
    <controlfield tag="003">YPZ</controlfield>
    <controlfield tag="005">201109191557190</controlfield>
    <controlfield tag="008">110919|###########||||||b||||||||||spa|d</controlfield>
    <datafield tag="020" ind1=" " ind2=" ">
      <subfield code="a">9789508023162</subfield>
    </datafield>
    <datafield tag="040" ind1=" " ind2=" ">
      <subfield code="c">SIUNPA</subfield>
    </datafield>
    <datafield tag="041" ind1=" " ind2=" ">
      <subfield code="a">spa</subfield>
    </datafield>
    <datafield tag="044" ind1=" " ind2=" ">
      <subfield code="a">AR</subfield>
    </datafield>
    <datafield tag="080" ind1=" " ind2=" ">
      <subfield code="a">364.442.2 F727l2</subfield>
    </datafield>
    <datafield tag="110" ind1=" " ind2=" ">
      <subfield code="a">Foro Latinoamericano Escenarios de la Vida Social, el Trabajo Social y las Ciencias Sociales en el Siglo XXI (2 : [2008] : Buenos Aires).</subfield>
    </datafield>
    <datafield tag="245" ind1=" " ind2=" ">
      <subfield code="a">Escenarios de la vida social, el trabajo social y las ciencias sociales en el siglo XXI</subfield>
    </datafield>
    <datafield tag="250" ind1=" " ind2=" ">
      <subfield code="a">1a ed.</subfield>
    </datafield>
    <datafield tag="260" ind1=" " ind2=" ">
      <subfield code="a">Buenos Aires</subfield>
      <subfield code="b"> : Espacio</subfield>
      <subfield code="c"> , 2009</subfield>
    </datafield>
    <datafield tag="650" ind1=" " ind2=" ">
      <subfield code="a"> TRABAJO SOCIAL</subfield>
    </datafield>
    <datafield tag="650" ind1=" " ind2=" ">
      <subfield code="a"> BIENESTAR SOCIAL</subfield>
    </datafield>
    <datafield tag="650" ind1=" " ind2=" ">
      <subfield code="a"> DESARROLLO COMUNITARIO</subfield>
    </datafield>
    <datafield tag="942" ind1=" " ind2=" ">
      <subfield code="c">BK</subfield>
    </datafield>
    <datafield tag="952" ind1=" " ind2=" ">
      <subfield code="a">BIB_RECT</subfield>
      <subfield code="b">BIB_UART</subfield>
      <subfield code="d">2011-09-13</subfield>
      <subfield code="y">BK</subfield>
      <subfield code="p">03-41424</subfield>
      <subfield code="i">03-41424</subfield>
      <subfield code="g">48.2</subfield>
      <subfield code="o">364.442.2 F727l2</subfield>
      <subfield code="e">Compra SIUNPA</subfield>
      <subfield code="8">CG</subfield>
    </datafield>
    <datafield tag="952" ind1=" " ind2=" ">
      <subfield code="a">BIB_RECT</subfield>
      <subfield code="b">BIB_UART</subfield>
      <subfield code="d">2011-09-13</subfield>
      <subfield code="y">BK</subfield>
      <subfield code="p">03-41425</subfield>
      <subfield code="i">03-41425</subfield>
      <subfield code="g">48.2</subfield>
      <subfield code="o">364.442.2 F727l2</subfield>
      <subfield code="e">Compra SIUNPA</subfield>
      <subfield code="8">CG</subfield>
    </datafield>
  </record>