
  <record>
    <leader>01000aam  22002601a 4500</leader>
    <controlfield tag="001">YPZ94421</controlfield>
    <controlfield tag="003">YPZ</controlfield>
    <controlfield tag="005">201109201851120</controlfield>
    <controlfield tag="008">110920|###########||||||b||||||||||spa|d</controlfield>
    <datafield tag="020" ind1=" " ind2=" ">
      <subfield code="a">9789875922907</subfield>
    </datafield>
    <datafield tag="040" ind1=" " ind2=" ">
      <subfield code="c">SIUNPA</subfield>
    </datafield>
    <datafield tag="041" ind1=" " ind2=" ">
      <subfield code="a">spa</subfield>
    </datafield>
    <datafield tag="044" ind1=" " ind2=" ">
      <subfield code="a">AR</subfield>
    </datafield>
    <datafield tag="080" ind1=" " ind2=" ">
      <subfield code="a">331.472 R896c5</subfield>
    </datafield>
    <datafield tag="100" ind1=" " ind2=" ">
      <subfield code="a">Rubinstein, Santiago.</subfield>
    </datafield>
    <datafield tag="245" ind1=" " ind2=" ">
      <subfield code="a">Código de tablas de incapacidades laborativas</subfield>
      <subfield code="b"> : baremos nacionales y extranjeros</subfield>
    </datafield>
    <datafield tag="250" ind1=" " ind2=" ">
      <subfield code="a">5a ed. amp. y actualizada</subfield>
    </datafield>
    <datafield tag="260" ind1=" " ind2=" ">
      <subfield code="a">Buenos Aires</subfield>
      <subfield code="b"> : LexisNexis</subfield>
      <subfield code="c"> , 2007</subfield>
    </datafield>
    <datafield tag="500" ind1=" " ind2=" ">
      <subfield code="a">Otros subtít.: Baremos de incapacidad de ganancia, del dolor, del SIDA, entre otros. Tabla de evaluación de la Ley 24.557. Baremos previsional (Ley 24.241). Tablas para accidentes de tránsito. Tabla jurisprudencial de cuantificación de daños corporales</subfield>
    </datafield>
    <datafield tag="650" ind1=" " ind2=" ">
      <subfield code="a"> SALUD LABORAL</subfield>
    </datafield>
    <datafield tag="942" ind1=" " ind2=" ">
      <subfield code="c">BK</subfield>
    </datafield>
    <datafield tag="952" ind1=" " ind2=" ">
      <subfield code="a">BIB_RECT</subfield>
      <subfield code="b">BIB_UACO</subfield>
      <subfield code="d">2011-09-16</subfield>
      <subfield code="y">BK</subfield>
      <subfield code="p">02-41479</subfield>
      <subfield code="i">02-41479</subfield>
      <subfield code="g">336.2</subfield>
      <subfield code="o">331.472 R896c5</subfield>
      <subfield code="e">Compra SIUNPA</subfield>
      <subfield code="8">CG</subfield>
    </datafield>
    <datafield tag="952" ind1=" " ind2=" ">
      <subfield code="a">BIB_RECT</subfield>
      <subfield code="b">BIB_UACO</subfield>
      <subfield code="d">2011-09-16</subfield>
      <subfield code="y">BK</subfield>
      <subfield code="p">02-41480</subfield>
      <subfield code="i">02-41480</subfield>
      <subfield code="g">336.2</subfield>
      <subfield code="o">331.472 R896c5</subfield>
      <subfield code="e">Compra SIUNPA</subfield>
      <subfield code="8">CG</subfield>
    </datafield>
  </record>