
  <record>
    <leader>01000aam  22002601a 4500</leader>
    <controlfield tag="001">YPZ94430</controlfield>
    <controlfield tag="003">YPZ</controlfield>
    <controlfield tag="005">201109231524090</controlfield>
    <controlfield tag="008">110923|###########||||||b||||||||||spa|d</controlfield>
    <datafield tag="020" ind1=" " ind2=" ">
      <subfield code="a">8524906839</subfield>
    </datafield>
    <datafield tag="040" ind1=" " ind2=" ">
      <subfield code="c">SIUNPA</subfield>
    </datafield>
    <datafield tag="041" ind1=" " ind2=" ">
      <subfield code="a">spa</subfield>
    </datafield>
    <datafield tag="044" ind1=" " ind2=" ">
      <subfield code="a">BR</subfield>
    </datafield>
    <datafield tag="080" ind1=" " ind2=" ">
      <subfield code="a">364.442.2 M765n2</subfield>
    </datafield>
    <datafield tag="100" ind1=" " ind2=" ">
      <subfield code="a">Montaño, Carlos.</subfield>
    </datafield>
    <datafield tag="245" ind1=" " ind2=" ">
      <subfield code="a">La naturaleza del servicio social</subfield>
      <subfield code="b"> : un ensayo sobre su génesis, su especificidad y su reproducción</subfield>
      <subfield code="c"> / Pastorini, Alejandra, tr.</subfield>
    </datafield>
    <datafield tag="250" ind1=" " ind2=" ">
      <subfield code="a">2a ed.</subfield>
    </datafield>
    <datafield tag="260" ind1=" " ind2=" ">
      <subfield code="a">San Pablo</subfield>
      <subfield code="b"> : Cortez Editora</subfield>
      <subfield code="c"> , 2000</subfield>
    </datafield>
    <datafield tag="440" ind1=" " ind2=" ">
      <subfield code="a">UBA XXI</subfield>
      <subfield code="a">Biblioteca latinoamericana de servicio social. Serie ensayos</subfield>
      <subfield code="v">4</subfield>
    </datafield>
    <datafield tag="490" ind1=" " ind2=" ">
      <subfield code="a">UBA XXI</subfield>
      <subfield code="a">Biblioteca latinoamericana de servicio social. Serie ensayos</subfield>
      <subfield code="v">4</subfield>
    </datafield>
    <datafield tag="650" ind1=" " ind2=" ">
      <subfield code="a"> TRABAJO SOCIAL</subfield>
    </datafield>
    <datafield tag="650" ind1=" " ind2=" ">
      <subfield code="a"> SERVICIO SOCIAL</subfield>
    </datafield>
    <datafield tag="942" ind1=" " ind2=" ">
      <subfield code="c">BK</subfield>
    </datafield>
    <datafield tag="952" ind1=" " ind2=" ">
      <subfield code="a">BIB_RECT</subfield>
      <subfield code="b">BIB_UACO</subfield>
      <subfield code="d">2011-09-23</subfield>
      <subfield code="y">BK</subfield>
      <subfield code="p">02-41500</subfield>
      <subfield code="i">02-41500</subfield>
      <subfield code="g">98</subfield>
      <subfield code="o">364.442.2 M765n2</subfield>
      <subfield code="e">Compra SIUNPA</subfield>
      <subfield code="8">CG</subfield>
    </datafield>
    <datafield tag="952" ind1=" " ind2=" ">
      <subfield code="a">BIB_RECT</subfield>
      <subfield code="b">BIB_UACO</subfield>
      <subfield code="d">2011-09-23</subfield>
      <subfield code="y">BK</subfield>
      <subfield code="p">02-41501</subfield>
      <subfield code="i">02-41501</subfield>
      <subfield code="g">98</subfield>
      <subfield code="o">364.442.2 M765n2</subfield>
      <subfield code="e">Compra SIUNPA</subfield>
      <subfield code="8">CG</subfield>
    </datafield>
  </record>