
  <record>
    <leader>01000aam  22002601a 4500</leader>
    <controlfield tag="001">YPZ94440</controlfield>
    <controlfield tag="003">YPZ</controlfield>
    <controlfield tag="005">201109271649240</controlfield>
    <controlfield tag="008">110927|###########||||||b||||||||||spa|d</controlfield>
    <datafield tag="020" ind1=" " ind2=" ">
      <subfield code="a">9788471125019</subfield>
    </datafield>
    <datafield tag="020" ind1=" " ind2=" ">
      <subfield code="a">8471125013</subfield>
    </datafield>
    <datafield tag="040" ind1=" " ind2=" ">
      <subfield code="c">SIUNPA</subfield>
    </datafield>
    <datafield tag="041" ind1=" " ind2=" ">
      <subfield code="a">spa</subfield>
    </datafield>
    <datafield tag="044" ind1=" " ind2=" ">
      <subfield code="a">ES</subfield>
    </datafield>
    <datafield tag="080" ind1=" " ind2=" ">
      <subfield code="a">172.1 F842r</subfield>
    </datafield>
    <datafield tag="100" ind1=" " ind2=" ">
      <subfield code="a">Fraser, Nancy.</subfield>
    </datafield>
    <datafield tag="700" ind1=" " ind2=" ">
      <subfield code="a">Honneth, Axel.</subfield>
    </datafield>
    <datafield tag="245" ind1=" " ind2=" ">
      <subfield code="a">¿Redistribución o reconocimiento?</subfield>
      <subfield code="b"> : un debate político-filosófico</subfield>
      <subfield code="c"> / Manzano, Pablo, tr.</subfield>
    </datafield>
    <datafield tag="260" ind1=" " ind2=" ">
      <subfield code="a">Madrid</subfield>
      <subfield code="b"> : Fundación Paideia Galiza</subfield>
      <subfield code="b"> : Morata</subfield>
      <subfield code="c"> , 2006</subfield>
    </datafield>
    <datafield tag="440" ind1=" " ind2=" ">
      <subfield code="a">Colección ideas en debate</subfield>
      <subfield code="a">Colección itinerarios</subfield>
      <subfield code="a">Sociología y política / Siglo XXI</subfield>
      <subfield code="a">Colección atención a la diversidad</subfield>
      <subfield code="a">Colección Educación crítica</subfield>
      <subfield code="v">u</subfield>
    </datafield>
    <datafield tag="490" ind1=" " ind2=" ">
      <subfield code="a">Colección ideas en debate</subfield>
      <subfield code="a">Colección itinerarios</subfield>
      <subfield code="a">Sociología y política / Siglo XXI</subfield>
      <subfield code="a">Colección atención a la diversidad</subfield>
      <subfield code="a">Colección Educación crítica</subfield>
      <subfield code="v">u</subfield>
    </datafield>
    <datafield tag="650" ind1=" " ind2=" ">
      <subfield code="a"> JUSTICIA SOCIAL</subfield>
    </datafield>
    <datafield tag="650" ind1=" " ind2=" ">
      <subfield code="a"> FILOSOFIA POLITICA</subfield>
    </datafield>
    <datafield tag="650" ind1=" " ind2=" ">
      <subfield code="a"> GRUPOS MINORITARIOS</subfield>
    </datafield>
    <datafield tag="942" ind1=" " ind2=" ">
      <subfield code="c">BK</subfield>
    </datafield>
    <datafield tag="952" ind1=" " ind2=" ">
      <subfield code="a">BIB_RECT</subfield>
      <subfield code="b">BIB_UACO</subfield>
      <subfield code="d">2011-09-26</subfield>
      <subfield code="y">BK</subfield>
      <subfield code="p">02-41528</subfield>
      <subfield code="i">02-41528</subfield>
      <subfield code="g">166</subfield>
      <subfield code="o">172.1 F842r</subfield>
      <subfield code="e">Compra UACO</subfield>
      <subfield code="8">CG</subfield>
    </datafield>
    <datafield tag="952" ind1=" " ind2=" ">
      <subfield code="a">BIB_RECT</subfield>
      <subfield code="b">BIB_UACO</subfield>
      <subfield code="d">2011-09-27</subfield>
      <subfield code="y">BK</subfield>
      <subfield code="p">02-41529</subfield>
      <subfield code="i">02-41529</subfield>
      <subfield code="g">166</subfield>
      <subfield code="o">172.1 F842r</subfield>
      <subfield code="e">Compra UACO</subfield>
      <subfield code="8">CG</subfield>
    </datafield>
  </record>