
  <record>
    <leader>01000aam  22002601a 4500</leader>
    <controlfield tag="001">YPZ94470</controlfield>
    <controlfield tag="003">YPZ</controlfield>
    <controlfield tag="005">201110051502490</controlfield>
    <controlfield tag="008">111005|###########||||||b||||||||||spa|d</controlfield>
    <datafield tag="020" ind1=" " ind2=" ">
      <subfield code="a">9789872424809</subfield>
    </datafield>
    <datafield tag="040" ind1=" " ind2=" ">
      <subfield code="c">SIUNPA</subfield>
    </datafield>
    <datafield tag="041" ind1=" " ind2=" ">
      <subfield code="a">spa</subfield>
    </datafield>
    <datafield tag="044" ind1=" " ind2=" ">
      <subfield code="a">AR</subfield>
    </datafield>
    <datafield tag="080" ind1=" " ind2=" ">
      <subfield code="a">321.01 C235p</subfield>
    </datafield>
    <datafield tag="100" ind1=" " ind2=" ">
      <subfield code="a">Cao, Horacio.</subfield>
    </datafield>
    <datafield tag="700" ind1=" " ind2=" ">
      <subfield code="a">Martín, María Eugenia.</subfield>
    </datafield>
    <datafield tag="245" ind1=" " ind2=" ">
      <subfield code="a">Premio a la innovación y mejoramiento de las políticas públicas 06-07</subfield>
      <subfield code="b"> : categoría doctorado</subfield>
      <subfield code="c"> / Greco, Mariano, coord.</subfield>
    </datafield>
    <datafield tag="260" ind1=" " ind2=" ">
      <subfield code="a">Buenos Aires</subfield>
      <subfield code="b"> : Dirección de Investigaciones, Instituto Nacional de Administración Pública</subfield>
      <subfield code="c"> , 2008</subfield>
    </datafield>
    <datafield tag="505" ind1=" " ind2=" ">
      <subfield code="a">Contenido: La especificidad del Estado y la Administración Pública en las Provincias del área periférica de las República Argentina / Horacio Cao -- Juventud, educación y trabajo. La dinámica entre estructuras y agentes burocráticos en las políticas de Mendoza / María Eugenio Martín</subfield>
    </datafield>
    <datafield tag="650" ind1=" " ind2=" ">
      <subfield code="a"> ROL DEL ESTADO</subfield>
    </datafield>
    <datafield tag="650" ind1=" " ind2=" ">
      <subfield code="a"> ADMINISTRACION PUBLICA</subfield>
    </datafield>
    <datafield tag="650" ind1=" " ind2=" ">
      <subfield code="a"> ARGENTINA</subfield>
    </datafield>
    <datafield tag="942" ind1=" " ind2=" ">
      <subfield code="c">BK</subfield>
    </datafield>
    <datafield tag="952" ind1=" " ind2=" ">
      <subfield code="a">BIB_RECT</subfield>
      <subfield code="b">BIB_UACO</subfield>
      <subfield code="d">2011-10-03</subfield>
      <subfield code="y">BK</subfield>
      <subfield code="p">02-41597</subfield>
      <subfield code="i">02-41597</subfield>
      <subfield code="g">70</subfield>
      <subfield code="o">321.01 C235p</subfield>
      <subfield code="e">Gestión Pública</subfield>
      <subfield code="8">CG</subfield>
    </datafield>
    <datafield tag="952" ind1=" " ind2=" ">
      <subfield code="a">BIB_RECT</subfield>
      <subfield code="b">BIB_UACO</subfield>
      <subfield code="d">2011-10-03</subfield>
      <subfield code="y">BK</subfield>
      <subfield code="p">02-41599</subfield>
      <subfield code="i">02-41599</subfield>
      <subfield code="g">70</subfield>
      <subfield code="o">321.01 C235p</subfield>
      <subfield code="e">Gestión Pública</subfield>
      <subfield code="8">CG</subfield>
    </datafield>
    <datafield tag="952" ind1=" " ind2=" ">
      <subfield code="a">BIB_RECT</subfield>
      <subfield code="b">BIB_UARG</subfield>
      <subfield code="d">2013-05-02</subfield>
      <subfield code="y">BK</subfield>
      <subfield code="p">05-44654</subfield>
      <subfield code="i">05-44654</subfield>
      <subfield code="g">120</subfield>
      <subfield code="o">321.01 C235p</subfield>
      <subfield code="e">Donación</subfield>
      <subfield code="8">CG</subfield>
    </datafield>
  </record>