
  <record>
    <leader>01000aam  22002601a 4500</leader>
    <controlfield tag="001">YPZ94471</controlfield>
    <controlfield tag="003">YPZ</controlfield>
    <controlfield tag="005">201110051541000</controlfield>
    <controlfield tag="008">111005|###########||||||b||||||||||spa|d</controlfield>
    <datafield tag="020" ind1=" " ind2=" ">
      <subfield code="a">9789502911618</subfield>
    </datafield>
    <datafield tag="040" ind1=" " ind2=" ">
      <subfield code="c">SIUNPA</subfield>
    </datafield>
    <datafield tag="041" ind1=" " ind2=" ">
      <subfield code="a">spa</subfield>
    </datafield>
    <datafield tag="044" ind1=" " ind2=" ">
      <subfield code="a">AR</subfield>
    </datafield>
    <datafield tag="080" ind1=" " ind2=" ">
      <subfield code="a">338.1(82) N438n</subfield>
    </datafield>
    <datafield tag="245" ind1=" " ind2=" ">
      <subfield code="a">Neoliberalismo y crisis del Estado en la Argentina de los noventa</subfield>
      <subfield code="c"> / Monserrat Llairó, María de, comp. ; Díaz, Marcela, comp.</subfield>
    </datafield>
    <datafield tag="260" ind1=" " ind2=" ">
      <subfield code="a">Buenos Aires</subfield>
      <subfield code="b"> : Centro de Investigaciones en Estudios Latinoamericanos para el Desarrollo y la Integración, CIENLADI, Facultad de Ciencias Económicas, UBA</subfield>
      <subfield code="c"> , 2009</subfield>
    </datafield>
    <datafield tag="650" ind1=" " ind2=" ">
      <subfield code="a"> POLITICA ECONOMICA</subfield>
    </datafield>
    <datafield tag="650" ind1=" " ind2=" ">
      <subfield code="a"> NEOLIBERALISMO</subfield>
    </datafield>
    <datafield tag="650" ind1=" " ind2=" ">
      <subfield code="a"> ARGENTINA</subfield>
    </datafield>
    <datafield tag="942" ind1=" " ind2=" ">
      <subfield code="c">BK</subfield>
    </datafield>
    <datafield tag="952" ind1=" " ind2=" ">
      <subfield code="a">BIB_RECT</subfield>
      <subfield code="b">BIB_UACO</subfield>
      <subfield code="d">2011-10-03</subfield>
      <subfield code="y">BK</subfield>
      <subfield code="p">02-41594</subfield>
      <subfield code="i">02-41594</subfield>
      <subfield code="g">27</subfield>
      <subfield code="o">338.1(82) N438n</subfield>
      <subfield code="e">Coord. Nodo Patagonia SIMEL - María Rosa</subfield>
      <subfield code="8">CG</subfield>
    </datafield>
  </record>