
  <record>
    <leader>01000aam  22002601a 4500</leader>
    <controlfield tag="001">YPZ94493</controlfield>
    <controlfield tag="003">YPZ</controlfield>
    <controlfield tag="005">201110131600570</controlfield>
    <controlfield tag="008">111013|###########||||||b||||||||||spa|d</controlfield>
    <datafield tag="040" ind1=" " ind2=" ">
      <subfield code="c">SIUNPA</subfield>
    </datafield>
    <datafield tag="041" ind1=" " ind2=" ">
      <subfield code="a">spa</subfield>
    </datafield>
    <datafield tag="044" ind1=" " ind2=" ">
      <subfield code="a">ES</subfield>
    </datafield>
    <datafield tag="080" ind1=" " ind2=" ">
      <subfield code="a">821.134.2 P121o</subfield>
    </datafield>
    <datafield tag="100" ind1=" " ind2=" ">
      <subfield code="a">Paco, Diana de.</subfield>
    </datafield>
    <datafield tag="245" ind1=" " ind2=" ">
      <subfield code="a">Obsession street</subfield>
      <subfield code="c"> / Villán, Javier, pról.</subfield>
    </datafield>
    <datafield tag="250" ind1=" " ind2=" ">
      <subfield code="a">1a ed.</subfield>
    </datafield>
    <datafield tag="260" ind1=" " ind2=" ">
      <subfield code="a">Madrid</subfield>
      <subfield code="b"> : Huerga y Fierro</subfield>
      <subfield code="c"> , 2011</subfield>
    </datafield>
    <datafield tag="440" ind1=" " ind2=" ">
      <subfield code="a">Colección biblioteca Macchi para las PyMEs</subfield>
      <subfield code="a">Colección recursos didácticos</subfield>
      <subfield code="a">Colección recursos didácticos</subfield>
      <subfield code="a">Colección recursos didácticos</subfield>
      <subfield code="a">Colección recursos didácticos</subfield>
      <subfield code="a">Colección recursos didácticos</subfield>
      <subfield code="a">Colección recursos didácticos</subfield>
      <subfield code="a">Colección recursos didácticos</subfield>
      <subfield code="a">Colección el teatro puede</subfield>
      <subfield code="v">no.6</subfield>
    </datafield>
    <datafield tag="490" ind1=" " ind2=" ">
      <subfield code="a">Colección biblioteca Macchi para las PyMEs</subfield>
      <subfield code="a">Colección recursos didácticos</subfield>
      <subfield code="a">Colección recursos didácticos</subfield>
      <subfield code="a">Colección recursos didácticos</subfield>
      <subfield code="a">Colección recursos didácticos</subfield>
      <subfield code="a">Colección recursos didácticos</subfield>
      <subfield code="a">Colección recursos didácticos</subfield>
      <subfield code="a">Colección recursos didácticos</subfield>
      <subfield code="a">Colección el teatro puede</subfield>
      <subfield code="v">no.6</subfield>
    </datafield>
    <datafield tag="650" ind1=" " ind2=" ">
      <subfield code="a"> LITERATURA ESPAÑOLA</subfield>
    </datafield>
    <datafield tag="650" ind1=" " ind2=" ">
      <subfield code="a"> TEATRO ESPAÑOL</subfield>
    </datafield>
    <datafield tag="942" ind1=" " ind2=" ">
      <subfield code="c">BK</subfield>
    </datafield>
    <datafield tag="952" ind1=" " ind2=" ">
      <subfield code="a">BIB_RECT</subfield>
      <subfield code="b">BIB_UARG</subfield>
      <subfield code="d">2011-08-17</subfield>
      <subfield code="y">BK</subfield>
      <subfield code="p">05-41264</subfield>
      <subfield code="i">05-41264</subfield>
      <subfield code="g">45</subfield>
      <subfield code="o">821.134.2 P121o</subfield>
      <subfield code="e">Fundación Coca-Cola</subfield>
      <subfield code="8">CG</subfield>
    </datafield>
  </record>