
  <record>
    <leader>01000aam  22002601a 4500</leader>
    <controlfield tag="001">YPZ94497</controlfield>
    <controlfield tag="003">YPZ</controlfield>
    <controlfield tag="005">201110131813460</controlfield>
    <controlfield tag="008">111013|###########||||||b||||||||||spa|d</controlfield>
    <datafield tag="020" ind1=" " ind2=" ">
      <subfield code="a">9789871785063</subfield>
    </datafield>
    <datafield tag="040" ind1=" " ind2=" ">
      <subfield code="c">SIUNPA</subfield>
    </datafield>
    <datafield tag="041" ind1=" " ind2=" ">
      <subfield code="a">spa</subfield>
    </datafield>
    <datafield tag="044" ind1=" " ind2=" ">
      <subfield code="a">AR</subfield>
    </datafield>
    <datafield tag="080" ind1=" " ind2=" ">
      <subfield code="a">821.14'02.09 P768p</subfield>
    </datafield>
    <datafield tag="245" ind1=" " ind2=" ">
      <subfield code="a">La pólis sexuada</subfield>
      <subfield code="b"> : normas, disturbios y transgresiones del género en la Grecia Antigua</subfield>
      <subfield code="c"> / Rodríguez Cidre, Elsa, ed. ; Buis, Emiliano Jerónimo, ed.</subfield>
    </datafield>
    <datafield tag="260" ind1=" " ind2=" ">
      <subfield code="a">Buenos Aires</subfield>
      <subfield code="b"> : Editorial de la Facultad de Filosofía y Letras, UBA</subfield>
      <subfield code="c"> , 2011</subfield>
    </datafield>
    <datafield tag="650" ind1=" " ind2=" ">
      <subfield code="a"> LITERATURA GRIEGA</subfield>
    </datafield>
    <datafield tag="650" ind1=" " ind2=" ">
      <subfield code="a"> CRITICA LITERARIA</subfield>
    </datafield>
    <datafield tag="650" ind1=" " ind2=" ">
      <subfield code="a"> ESTUDIOS DE GENERO</subfield>
    </datafield>
    <datafield tag="942" ind1=" " ind2=" ">
      <subfield code="c">BK</subfield>
    </datafield>
    <datafield tag="952" ind1=" " ind2=" ">
      <subfield code="a">BIB_RECT</subfield>
      <subfield code="b">BIB_UARG</subfield>
      <subfield code="d">2011-08-17</subfield>
      <subfield code="y">BK</subfield>
      <subfield code="p">05-41265</subfield>
      <subfield code="i">05-41265</subfield>
      <subfield code="g">90</subfield>
      <subfield code="o">821.14'02.09 P768p</subfield>
      <subfield code="e">Donación Editores/Autores/11</subfield>
      <subfield code="8">CG</subfield>
    </datafield>
  </record>