
  <record>
    <leader>01000aam  22002601a 4500</leader>
    <controlfield tag="001">YPZ94543</controlfield>
    <controlfield tag="003">YPZ</controlfield>
    <controlfield tag="005">201110241557270</controlfield>
    <controlfield tag="008">111024|###########||||||b||||||||||spa|d</controlfield>
    <datafield tag="040" ind1=" " ind2=" ">
      <subfield code="c">SIUNPA</subfield>
    </datafield>
    <datafield tag="041" ind1=" " ind2=" ">
      <subfield code="a">spa</subfield>
    </datafield>
    <datafield tag="044" ind1=" " ind2=" ">
      <subfield code="a">AR</subfield>
    </datafield>
    <datafield tag="080" ind1=" " ind2=" ">
      <subfield code="a">902(828) J828a 1</subfield>
    </datafield>
    <datafield tag="110" ind1=" " ind2=" ">
      <subfield code="a">Jornadas de Arqueología de la Patagonia  (1 : 1984 : Trelew, Chubut).</subfield>
    </datafield>
    <datafield tag="710" ind1=" " ind2=" ">
      <subfield code="a">Chubut. Dirección de Cultura. Departamento de Investigación y Conservación, org..</subfield>
    </datafield>
    <datafield tag="245" ind1=" " ind2=" ">
      <subfield code="a">1as Jornadas de Arqueología de la Patagonia</subfield>
    </datafield>
    <datafield tag="250" ind1=" " ind2=" ">
      <subfield code="a">1a ed.</subfield>
    </datafield>
    <datafield tag="260" ind1=" " ind2=" ">
      <subfield code="a">Rawson</subfield>
      <subfield code="b"> : Ministerio de Gobierno, Educación y Justicia</subfield>
      <subfield code="c"> , 1987</subfield>
    </datafield>
    <datafield tag="440" ind1=" " ind2=" ">
      <subfield code="a">Lectores / Eudeba</subfield>
      <subfield code="a">Serie humanidades / Gobierno de la Provincia del Chubut</subfield>
      <subfield code="v">no.2</subfield>
    </datafield>
    <datafield tag="490" ind1=" " ind2=" ">
      <subfield code="a">Lectores / Eudeba</subfield>
      <subfield code="a">Serie humanidades / Gobierno de la Provincia del Chubut</subfield>
      <subfield code="v">no.2</subfield>
    </datafield>
    <datafield tag="650" ind1=" " ind2=" ">
      <subfield code="a"> ARQUEOLOGIA</subfield>
    </datafield>
    <datafield tag="650" ind1=" " ind2=" ">
      <subfield code="a"> REGION PATAGONICA</subfield>
    </datafield>
    <datafield tag="942" ind1=" " ind2=" ">
      <subfield code="c">BK</subfield>
    </datafield>
    <datafield tag="952" ind1=" " ind2=" ">
      <subfield code="a">BIB_RECT</subfield>
      <subfield code="b">BIB_UARG</subfield>
      <subfield code="d">2011-10-17</subfield>
      <subfield code="y">BK</subfield>
      <subfield code="p">05-09754</subfield>
      <subfield code="i">05-09754</subfield>
      <subfield code="g">42</subfield>
      <subfield code="o">902(828) J828a 1</subfield>
      <subfield code="e">Donación</subfield>
      <subfield code="8">CG</subfield>
    </datafield>
  </record>