
  <record>
    <leader>01000aam  22002601a 4500</leader>
    <controlfield tag="001">YPZ94562</controlfield>
    <controlfield tag="003">YPZ</controlfield>
    <controlfield tag="005">201110271528330</controlfield>
    <controlfield tag="008">111027|###########||||||b||||||||||spa|d</controlfield>
    <datafield tag="020" ind1=" " ind2=" ">
      <subfield code="a">9789871242450</subfield>
    </datafield>
    <datafield tag="040" ind1=" " ind2=" ">
      <subfield code="c">SIUNPA</subfield>
    </datafield>
    <datafield tag="041" ind1=" " ind2=" ">
      <subfield code="a">spa</subfield>
    </datafield>
    <datafield tag="044" ind1=" " ind2=" ">
      <subfield code="a">AR</subfield>
    </datafield>
    <datafield tag="080" ind1=" " ind2=" ">
      <subfield code="a">378.4 U588p UNPA</subfield>
    </datafield>
    <datafield tag="110" ind1=" " ind2=" ">
      <subfield code="a">Universidad Nacional de la Patagonia Austral. Secretaría de Ciencia y Tecnología.</subfield>
    </datafield>
    <datafield tag="245" ind1=" " ind2=" ">
      <subfield code="a">Proyectos de investigación 1996-2009</subfield>
    </datafield>
    <datafield tag="260" ind1=" " ind2=" ">
      <subfield code="a">Río Gallegos</subfield>
      <subfield code="b"> : Universidad Nacional de la Patagonia Austral, UNPA</subfield>
      <subfield code="c"> , 2009</subfield>
    </datafield>
    <datafield tag="500" ind1=" " ind2=" ">
      <subfield code="a">El año de impresión varía según el ejemplar</subfield>
    </datafield>
    <datafield tag="650" ind1=" " ind2=" ">
      <subfield code="a"> INVESTIGACION</subfield>
    </datafield>
    <datafield tag="650" ind1=" " ind2=" ">
      <subfield code="a"> PROYECTO DE INVESTIGACION</subfield>
    </datafield>
    <datafield tag="650" ind1=" " ind2=" ">
      <subfield code="a"> UNIVERSIDAD NACIONAL DE LA PATAGONIA AUSTRAL</subfield>
    </datafield>
    <datafield tag="650" ind1=" " ind2=" ">
      <subfield code="a"> SANTA CRUZ (ARGENTINA)</subfield>
    </datafield>
    <datafield tag="942" ind1=" " ind2=" ">
      <subfield code="c">BK</subfield>
    </datafield>
    <datafield tag="952" ind1=" " ind2=" ">
      <subfield code="a">BIB_RECT</subfield>
      <subfield code="b">BIB_UACO</subfield>
      <subfield code="d">2011-10-27</subfield>
      <subfield code="y">BK</subfield>
      <subfield code="p">02-41685</subfield>
      <subfield code="i">02-41685</subfield>
      <subfield code="g">45</subfield>
      <subfield code="o">378.4 U588p UNPA</subfield>
      <subfield code="e">Donación Secretaría de Investigación</subfield>
      <subfield code="8">CG</subfield>
    </datafield>
    <datafield tag="952" ind1=" " ind2=" ">
      <subfield code="a">BIB_RECT</subfield>
      <subfield code="b">BIB_UACO</subfield>
      <subfield code="d">2011-10-27</subfield>
      <subfield code="y">BK</subfield>
      <subfield code="p">02-41686</subfield>
      <subfield code="i">02-41686</subfield>
      <subfield code="g">45</subfield>
      <subfield code="o">378.4 U588p UNPA</subfield>
      <subfield code="e">Donación Secretaría de Investigación</subfield>
      <subfield code="8">CG</subfield>
    </datafield>
    <datafield tag="952" ind1=" " ind2=" ">
      <subfield code="a">BIB_RECT</subfield>
      <subfield code="b">BIB_UACO</subfield>
      <subfield code="d">2011-10-27</subfield>
      <subfield code="y">BK</subfield>
      <subfield code="p">02-41687</subfield>
      <subfield code="i">02-41687</subfield>
      <subfield code="g">45</subfield>
      <subfield code="o">378.4 U588p UNPA</subfield>
      <subfield code="e">Donación Secretaría de Investigación</subfield>
      <subfield code="8">CG</subfield>
    </datafield>
    <datafield tag="952" ind1=" " ind2=" ">
      <subfield code="a">BIB_RECT</subfield>
      <subfield code="b">BIB_UACO</subfield>
      <subfield code="d">2011-10-27</subfield>
      <subfield code="y">BK</subfield>
      <subfield code="p">02-41688</subfield>
      <subfield code="i">02-41688</subfield>
      <subfield code="g">45</subfield>
      <subfield code="o">378.4 U588p UNPA</subfield>
      <subfield code="e">Donación Secretaría de Investigación</subfield>
      <subfield code="8">CG</subfield>
    </datafield>
    <datafield tag="952" ind1=" " ind2=" ">
      <subfield code="a">BIB_RECT</subfield>
      <subfield code="b">BIB_UACO</subfield>
      <subfield code="d">2012-10-15</subfield>
      <subfield code="y">BK</subfield>
      <subfield code="p">02-43237</subfield>
      <subfield code="i">02-43237</subfield>
      <subfield code="g">70</subfield>
      <subfield code="o">378.4 U588p UNPA</subfield>
      <subfield code="e">Secretaría de Ciencia y Tecnología</subfield>
      <subfield code="8">CG</subfield>
    </datafield>
    <datafield tag="952" ind1=" " ind2=" ">
      <subfield code="a">BIB_RECT</subfield>
      <subfield code="b">BIB_UART</subfield>
      <subfield code="d">2012-10-15</subfield>
      <subfield code="y">BK</subfield>
      <subfield code="p">03-43234</subfield>
      <subfield code="i">03-43234</subfield>
      <subfield code="g">70</subfield>
      <subfield code="o">378.4 U588p UNPA</subfield>
      <subfield code="e">Secretaría de Ciencia y Tecnología</subfield>
      <subfield code="8">CG</subfield>
    </datafield>
    <datafield tag="952" ind1=" " ind2=" ">
      <subfield code="a">BIB_RECT</subfield>
      <subfield code="b">BIB_UART</subfield>
      <subfield code="d">2012-10-15</subfield>
      <subfield code="y">BK</subfield>
      <subfield code="p">03-43235</subfield>
      <subfield code="i">03-43235</subfield>
      <subfield code="g">70</subfield>
      <subfield code="o">378.4 U588p UNPA</subfield>
      <subfield code="e">Secretaría de Ciencia y Tecnología</subfield>
      <subfield code="8">CG</subfield>
    </datafield>
    <datafield tag="952" ind1=" " ind2=" ">
      <subfield code="a">BIB_RECT</subfield>
      <subfield code="b">BIB_UASJ</subfield>
      <subfield code="d">2012-05-30</subfield>
      <subfield code="y">BK</subfield>
      <subfield code="p">04-42599</subfield>
      <subfield code="i">04-42599</subfield>
      <subfield code="g">70</subfield>
      <subfield code="o">378.4 U588p UNPA</subfield>
      <subfield code="e">Sec. Investigación</subfield>
      <subfield code="8">CG</subfield>
    </datafield>
    <datafield tag="952" ind1=" " ind2=" ">
      <subfield code="a">BIB_RECT</subfield>
      <subfield code="b">BIB_UASJ</subfield>
      <subfield code="d">2012-10-15</subfield>
      <subfield code="y">BK</subfield>
      <subfield code="p">04-43243</subfield>
      <subfield code="i">04-43243</subfield>
      <subfield code="g">70</subfield>
      <subfield code="o">378.4 U588p UNPA</subfield>
      <subfield code="e">Donación Secretaría de Investigación</subfield>
      <subfield code="8">CG</subfield>
    </datafield>
    <datafield tag="952" ind1=" " ind2=" ">
      <subfield code="a">BIB_RECT</subfield>
      <subfield code="b">BIB_UASJ</subfield>
      <subfield code="d">2012-10-15</subfield>
      <subfield code="y">BK</subfield>
      <subfield code="p">04-43244</subfield>
      <subfield code="i">04-43244</subfield>
      <subfield code="g">70</subfield>
      <subfield code="o">378.4 U588p UNPA</subfield>
      <subfield code="e">Donación Secretaría de Investigación</subfield>
      <subfield code="8">CG</subfield>
    </datafield>
    <datafield tag="952" ind1=" " ind2=" ">
      <subfield code="a">BIB_RECT</subfield>
      <subfield code="b">BIB_UARG</subfield>
      <subfield code="d">2012-06-07</subfield>
      <subfield code="y">BK</subfield>
      <subfield code="p">05-42622</subfield>
      <subfield code="i">05-42622</subfield>
      <subfield code="g">70</subfield>
      <subfield code="o">378.4 U588p UNPA</subfield>
      <subfield code="e">Acuerdo 551</subfield>
      <subfield code="8">CG</subfield>
    </datafield>
    <datafield tag="952" ind1=" " ind2=" ">
      <subfield code="a">BIB_RECT</subfield>
      <subfield code="b">BIB_UARG</subfield>
      <subfield code="d">2012-06-07</subfield>
      <subfield code="y">BK</subfield>
      <subfield code="p">05-42623</subfield>
      <subfield code="i">05-42623</subfield>
      <subfield code="g">70</subfield>
      <subfield code="o">378.4 U588p UNPA</subfield>
      <subfield code="e">Acuerdo 551</subfield>
      <subfield code="8">CG</subfield>
    </datafield>
    <datafield tag="952" ind1=" " ind2=" ">
      <subfield code="a">BIB_RECT</subfield>
      <subfield code="b">BIB_UARG</subfield>
      <subfield code="d">2012-06-07</subfield>
      <subfield code="y">BK</subfield>
      <subfield code="p">05-42624</subfield>
      <subfield code="i">05-42624</subfield>
      <subfield code="g">70</subfield>
      <subfield code="o">378.4 U588p UNPA</subfield>
      <subfield code="e">Acuerdo 551</subfield>
      <subfield code="8">CG</subfield>
    </datafield>
    <datafield tag="952" ind1=" " ind2=" ">
      <subfield code="a">BIB_RECT</subfield>
      <subfield code="b">BIB_UARG</subfield>
      <subfield code="d">2012-06-11</subfield>
      <subfield code="y">BK</subfield>
      <subfield code="p">05-42625</subfield>
      <subfield code="i">05-42625</subfield>
      <subfield code="g">70</subfield>
      <subfield code="o">378.4 U588p UNPA</subfield>
      <subfield code="e">Acuerdo 551</subfield>
      <subfield code="8">CG</subfield>
    </datafield>
    <datafield tag="952" ind1=" " ind2=" ">
      <subfield code="a">BIB_RECT</subfield>
      <subfield code="b">BIB_UARG</subfield>
      <subfield code="d">2012-06-07</subfield>
      <subfield code="y">BK</subfield>
      <subfield code="p">05-42626</subfield>
      <subfield code="i">05-42626</subfield>
      <subfield code="g">70</subfield>
      <subfield code="o">378.4 U588p UNPA</subfield>
      <subfield code="e">Acuerdo 551</subfield>
      <subfield code="8">CG</subfield>
    </datafield>
    <datafield tag="952" ind1=" " ind2=" ">
      <subfield code="a">BIB_RECT</subfield>
      <subfield code="b">BIB_UARG</subfield>
      <subfield code="d">2012-06-07</subfield>
      <subfield code="y">BK</subfield>
      <subfield code="p">05-42627</subfield>
      <subfield code="i">05-42627</subfield>
      <subfield code="g">70</subfield>
      <subfield code="o">378.4 U588p UNPA</subfield>
      <subfield code="e">Acuerdo 551</subfield>
      <subfield code="8">CG</subfield>
    </datafield>
    <datafield tag="952" ind1=" " ind2=" ">
      <subfield code="a">BIB_RECT</subfield>
      <subfield code="b">BIB_UARG</subfield>
      <subfield code="d">2012-06-07</subfield>
      <subfield code="y">BK</subfield>
      <subfield code="p">05-42628</subfield>
      <subfield code="i">05-42628</subfield>
      <subfield code="g">70</subfield>
      <subfield code="o">378.4 U588p UNPA</subfield>
      <subfield code="e">Acuerdo 551</subfield>
      <subfield code="8">CG</subfield>
    </datafield>
    <datafield tag="952" ind1=" " ind2=" ">
      <subfield code="a">BIB_RECT</subfield>
      <subfield code="b">BIB_UARG</subfield>
      <subfield code="d">2012-06-07</subfield>
      <subfield code="y">BK</subfield>
      <subfield code="p">05-42629</subfield>
      <subfield code="i">05-42629</subfield>
      <subfield code="g">70</subfield>
      <subfield code="o">378.4 U588p UNPA</subfield>
      <subfield code="e">Acuerdo 551</subfield>
      <subfield code="8">CG</subfield>
    </datafield>
    <datafield tag="952" ind1=" " ind2=" ">
      <subfield code="a">BIB_RECT</subfield>
      <subfield code="b">BIB_UARG</subfield>
      <subfield code="d">2012-06-07</subfield>
      <subfield code="y">BK</subfield>
      <subfield code="p">05-42630</subfield>
      <subfield code="i">05-42630</subfield>
      <subfield code="g">70</subfield>
      <subfield code="o">378.4 U588p UNPA</subfield>
      <subfield code="e">Acuerdo 551</subfield>
      <subfield code="8">CG</subfield>
    </datafield>
    <datafield tag="952" ind1=" " ind2=" ">
      <subfield code="a">BIB_RECT</subfield>
      <subfield code="b">BIB_UARG</subfield>
      <subfield code="d">2012-06-07</subfield>
      <subfield code="y">BK</subfield>
      <subfield code="p">05-42631</subfield>
      <subfield code="i">05-42631</subfield>
      <subfield code="g">70</subfield>
      <subfield code="o">378.4 U588p UNPA</subfield>
      <subfield code="e">Acuerdo 551</subfield>
      <subfield code="8">CG</subfield>
    </datafield>
    <datafield tag="952" ind1=" " ind2=" ">
      <subfield code="a">BIB_RECT</subfield>
      <subfield code="b">BIB_UARG</subfield>
      <subfield code="d">2012-06-07</subfield>
      <subfield code="y">BK</subfield>
      <subfield code="p">05-42632</subfield>
      <subfield code="i">05-42632</subfield>
      <subfield code="g">70</subfield>
      <subfield code="o">378.4 U588p UNPA</subfield>
      <subfield code="e">Acuerdo 551</subfield>
      <subfield code="8">CG</subfield>
    </datafield>
    <datafield tag="952" ind1=" " ind2=" ">
      <subfield code="a">BIB_RECT</subfield>
      <subfield code="b">BIB_UARG</subfield>
      <subfield code="d">2012-06-07</subfield>
      <subfield code="y">BK</subfield>
      <subfield code="p">05-42633</subfield>
      <subfield code="i">05-42633</subfield>
      <subfield code="g">70</subfield>
      <subfield code="o">378.4 U588p UNPA</subfield>
      <subfield code="e">Acuerdo 551</subfield>
      <subfield code="8">CG</subfield>
    </datafield>
    <datafield tag="952" ind1=" " ind2=" ">
      <subfield code="a">BIB_RECT</subfield>
      <subfield code="b">BIB_UARG</subfield>
      <subfield code="d">2012-10-15</subfield>
      <subfield code="y">BK</subfield>
      <subfield code="p">05-43240</subfield>
      <subfield code="i">05-43240</subfield>
      <subfield code="g">70</subfield>
      <subfield code="o">378.4 U588p UNPA</subfield>
      <subfield code="e">Secretaría de Ciencia y Tecnología</subfield>
      <subfield code="8">CG</subfield>
    </datafield>
    <datafield tag="952" ind1=" " ind2=" ">
      <subfield code="a">BIB_RECT</subfield>
      <subfield code="b">SAT_TRUN</subfield>
      <subfield code="d">2012-10-15</subfield>
      <subfield code="y">BK</subfield>
      <subfield code="p">10-43220</subfield>
      <subfield code="i">10-43220</subfield>
      <subfield code="g">70</subfield>
      <subfield code="o">378.4 U588p UNPA</subfield>
      <subfield code="e">Secretaría de Ciencia y Tecnología</subfield>
      <subfield code="8">CG</subfield>
    </datafield>
    <datafield tag="952" ind1=" " ind2=" ">
      <subfield code="a">BIB_RECT</subfield>
      <subfield code="b">SAT_PBNA</subfield>
      <subfield code="d">2012-10-15</subfield>
      <subfield code="y">BK</subfield>
      <subfield code="p">11-43218</subfield>
      <subfield code="i">11-43218</subfield>
      <subfield code="g">70</subfield>
      <subfield code="o">378.4 U588p UNPA</subfield>
      <subfield code="e">Secretaría de Ciencia y Tecnología</subfield>
      <subfield code="8">CG</subfield>
    </datafield>
    <datafield tag="952" ind1=" " ind2=" ">
      <subfield code="a">BIB_RECT</subfield>
      <subfield code="b">SAT_CLFT</subfield>
      <subfield code="d">2012-10-15</subfield>
      <subfield code="y">BK</subfield>
      <subfield code="p">12-43222</subfield>
      <subfield code="i">12-43222</subfield>
      <subfield code="g">70</subfield>
      <subfield code="o">378.4 U588p UNPA</subfield>
      <subfield code="e">Secretaría de Ciencia y Tecnología</subfield>
      <subfield code="8">CG</subfield>
    </datafield>
    <datafield tag="952" ind1=" " ind2=" ">
      <subfield code="a">BIB_RECT</subfield>
      <subfield code="b">SAT_PMDN </subfield>
      <subfield code="d">2012-10-15</subfield>
      <subfield code="y">BK</subfield>
      <subfield code="p">15-43232</subfield>
      <subfield code="i">15-43232</subfield>
      <subfield code="g">70</subfield>
      <subfield code="o">378.4 U588p UNPA</subfield>
      <subfield code="e">Secretaría de Ciencia y Tecnología</subfield>
      <subfield code="8">CG</subfield>
    </datafield>
    <datafield tag="952" ind1=" " ind2=" ">
      <subfield code="a">BIB_RECT</subfield>
      <subfield code="b">SAT_PDES</subfield>
      <subfield code="d">2012-10-15</subfield>
      <subfield code="y">BK</subfield>
      <subfield code="p">16-43230</subfield>
      <subfield code="i">16-43230</subfield>
      <subfield code="g">70</subfield>
      <subfield code="o">378.4 U588p UNPA</subfield>
      <subfield code="e">Secretaría de Ciencia y Tecnología</subfield>
      <subfield code="8">CG</subfield>
    </datafield>
    <datafield tag="952" ind1=" " ind2=" ">
      <subfield code="a">BIB_RECT</subfield>
      <subfield code="b">SAT_RGRA</subfield>
      <subfield code="d">2012-10-15</subfield>
      <subfield code="y">BK</subfield>
      <subfield code="p">17-43228</subfield>
      <subfield code="i">17-43228</subfield>
      <subfield code="g">70</subfield>
      <subfield code="o">378.4 U588p UNPA</subfield>
      <subfield code="e">Secretaría de Ciencia y Tecnología</subfield>
      <subfield code="8">CG</subfield>
    </datafield>
    <datafield tag="952" ind1=" " ind2=" ">
      <subfield code="a">BIB_RECT</subfield>
      <subfield code="b">SAT_GREG</subfield>
      <subfield code="d">2012-10-15</subfield>
      <subfield code="y">BK</subfield>
      <subfield code="p">18-43224</subfield>
      <subfield code="i">18-43224</subfield>
      <subfield code="g">70</subfield>
      <subfield code="o">378.4 U588p UNPA</subfield>
      <subfield code="e">Secretaría de Ciencia y Tecnología</subfield>
      <subfield code="8">CG</subfield>
    </datafield>
    <datafield tag="952" ind1=" " ind2=" ">
      <subfield code="a">BIB_RECT</subfield>
      <subfield code="b">SAT_USHU</subfield>
      <subfield code="d">2012-10-15</subfield>
      <subfield code="y">BK</subfield>
      <subfield code="p">19-43226</subfield>
      <subfield code="i">19-43226</subfield>
      <subfield code="g">70</subfield>
      <subfield code="o">378.4 U588p UNPA</subfield>
      <subfield code="e">Secretaría de Ciencia y Tecnología</subfield>
      <subfield code="8">CG</subfield>
    </datafield>
  </record>