
  <record>
    <leader>01000aam  22002601a 4500</leader>
    <controlfield tag="001">YPZ94566</controlfield>
    <controlfield tag="003">YPZ</controlfield>
    <controlfield tag="005">201110271639570</controlfield>
    <controlfield tag="008">111027|###########||||||b||||||||||spa|d</controlfield>
    <datafield tag="020" ind1=" " ind2=" ">
      <subfield code="a">9789871242559</subfield>
    </datafield>
    <datafield tag="040" ind1=" " ind2=" ">
      <subfield code="c">SIUNPA</subfield>
    </datafield>
    <datafield tag="041" ind1=" " ind2=" ">
      <subfield code="a">spa</subfield>
    </datafield>
    <datafield tag="044" ind1=" " ind2=" ">
      <subfield code="a">AR</subfield>
    </datafield>
    <datafield tag="080" ind1=" " ind2=" ">
      <subfield code="a">616-083 D388p</subfield>
    </datafield>
    <datafield tag="100" ind1=" " ind2=" ">
      <subfield code="a">Demozzi, Marcelo.</subfield>
    </datafield>
    <datafield tag="245" ind1=" " ind2=" ">
      <subfield code="a">Politraumatismo en la UCI para enfermeros</subfield>
    </datafield>
    <datafield tag="260" ind1=" " ind2=" ">
      <subfield code="a">Río Gallegos</subfield>
      <subfield code="b"> : Universidad Nacional de la Patagonia Austral, UNPA</subfield>
      <subfield code="c"> , 2011</subfield>
    </datafield>
    <datafield tag="650" ind1=" " ind2=" ">
      <subfield code="a"> SERVICIOS DE ENFERMERIA</subfield>
    </datafield>
    <datafield tag="650" ind1=" " ind2=" ">
      <subfield code="a"> LESION</subfield>
    </datafield>
    <datafield tag="650" ind1=" " ind2=" ">
      <subfield code="a"> CUIDADOS INTENSIVOS</subfield>
    </datafield>
    <datafield tag="650" ind1=" " ind2=" ">
      <subfield code="a"> PRACTICAS DE ENFERMERIA</subfield>
    </datafield>
    <datafield tag="942" ind1=" " ind2=" ">
      <subfield code="c">BK</subfield>
    </datafield>
    <datafield tag="952" ind1=" " ind2=" ">
      <subfield code="a">BIB_RECT</subfield>
      <subfield code="b">BIB_UACO</subfield>
      <subfield code="d">2011-10-19</subfield>
      <subfield code="y">BK</subfield>
      <subfield code="p">02-41652</subfield>
      <subfield code="i">02-41652</subfield>
      <subfield code="g">25</subfield>
      <subfield code="o">616-083 D388p</subfield>
      <subfield code="e">Secretaría de Extensión</subfield>
      <subfield code="8">CG</subfield>
    </datafield>
    <datafield tag="952" ind1=" " ind2=" ">
      <subfield code="a">BIB_RECT</subfield>
      <subfield code="b">BIB_UACO</subfield>
      <subfield code="d">2011-10-19</subfield>
      <subfield code="y">BK</subfield>
      <subfield code="p">02-41653</subfield>
      <subfield code="i">02-41653</subfield>
      <subfield code="g">25</subfield>
      <subfield code="o">616-083 D388p</subfield>
      <subfield code="e">Secretaría de Extensión</subfield>
      <subfield code="8">CG</subfield>
    </datafield>
    <datafield tag="952" ind1=" " ind2=" ">
      <subfield code="a">BIB_RECT</subfield>
      <subfield code="b">BIB_UACO</subfield>
      <subfield code="d">2011-10-19</subfield>
      <subfield code="y">BK</subfield>
      <subfield code="p">02-41654</subfield>
      <subfield code="i">02-41654</subfield>
      <subfield code="g">25</subfield>
      <subfield code="o">616-083 D388p</subfield>
      <subfield code="e">Secretaría de Extensión</subfield>
      <subfield code="8">CG</subfield>
    </datafield>
    <datafield tag="952" ind1=" " ind2=" ">
      <subfield code="a">BIB_RECT</subfield>
      <subfield code="b">BIB_UACO</subfield>
      <subfield code="d">2011-10-19</subfield>
      <subfield code="y">BK</subfield>
      <subfield code="p">02-41655</subfield>
      <subfield code="i">02-41655</subfield>
      <subfield code="g">25</subfield>
      <subfield code="o">616-083 D388p</subfield>
      <subfield code="e">Secretaría de Extensión</subfield>
      <subfield code="8">CG</subfield>
    </datafield>
    <datafield tag="952" ind1=" " ind2=" ">
      <subfield code="a">BIB_RECT</subfield>
      <subfield code="b">BIB_UACO</subfield>
      <subfield code="d">2011-10-28</subfield>
      <subfield code="y">BK</subfield>
      <subfield code="p">02-41707</subfield>
      <subfield code="i">02-41707</subfield>
      <subfield code="g">25</subfield>
      <subfield code="o">616-083 D388p</subfield>
      <subfield code="e">Donación</subfield>
      <subfield code="8">CG</subfield>
    </datafield>
    <datafield tag="952" ind1=" " ind2=" ">
      <subfield code="a">BIB_RECT</subfield>
      <subfield code="b">BIB_UACO</subfield>
      <subfield code="d">2011-10-28</subfield>
      <subfield code="y">BK</subfield>
      <subfield code="p">02-41708</subfield>
      <subfield code="i">02-41708</subfield>
      <subfield code="g">25</subfield>
      <subfield code="o">616-083 D388p</subfield>
      <subfield code="e">Donación</subfield>
      <subfield code="8">CG</subfield>
    </datafield>
    <datafield tag="952" ind1=" " ind2=" ">
      <subfield code="a">BIB_RECT</subfield>
      <subfield code="b">BIB_UART</subfield>
      <subfield code="d">2012-05-08</subfield>
      <subfield code="y">BK</subfield>
      <subfield code="p">03-42450</subfield>
      <subfield code="i">03-42450</subfield>
      <subfield code="g">50</subfield>
      <subfield code="o">616-083 D388p</subfield>
      <subfield code="e">Secretaría de Extensión Universitaria</subfield>
      <subfield code="8">CG</subfield>
    </datafield>
    <datafield tag="952" ind1=" " ind2=" ">
      <subfield code="a">BIB_RECT</subfield>
      <subfield code="b">BIB_UASJ</subfield>
      <subfield code="d">2011-10-28</subfield>
      <subfield code="y">BK</subfield>
      <subfield code="p">04-41695</subfield>
      <subfield code="i">04-41695</subfield>
      <subfield code="g">25</subfield>
      <subfield code="o">616-083 D388p</subfield>
      <subfield code="e">Donación</subfield>
      <subfield code="8">CG</subfield>
    </datafield>
    <datafield tag="952" ind1=" " ind2=" ">
      <subfield code="a">BIB_RECT</subfield>
      <subfield code="b">BIB_UASJ</subfield>
      <subfield code="d">2011-10-28</subfield>
      <subfield code="y">BK</subfield>
      <subfield code="p">04-41696</subfield>
      <subfield code="i">04-41696</subfield>
      <subfield code="g">25</subfield>
      <subfield code="o">616-083 D388p</subfield>
      <subfield code="e">Donación</subfield>
      <subfield code="8">CG</subfield>
    </datafield>
    <datafield tag="952" ind1=" " ind2=" ">
      <subfield code="a">BIB_RECT</subfield>
      <subfield code="b">BIB_UASJ</subfield>
      <subfield code="d">2012-05-30</subfield>
      <subfield code="y">BK</subfield>
      <subfield code="p">04-42559</subfield>
      <subfield code="i">04-42559</subfield>
      <subfield code="g">50</subfield>
      <subfield code="o">616-083 D388p</subfield>
      <subfield code="e">Extensión</subfield>
      <subfield code="8">CG</subfield>
    </datafield>
    <datafield tag="952" ind1=" " ind2=" ">
      <subfield code="a">BIB_RECT</subfield>
      <subfield code="b">BIB_UASJ</subfield>
      <subfield code="d">2012-05-30</subfield>
      <subfield code="y">BK</subfield>
      <subfield code="p">04-42560</subfield>
      <subfield code="i">04-42560</subfield>
      <subfield code="g">50</subfield>
      <subfield code="o">616-083 D388p</subfield>
      <subfield code="e">Extensión</subfield>
      <subfield code="8">CG</subfield>
    </datafield>
    <datafield tag="952" ind1=" " ind2=" ">
      <subfield code="a">BIB_RECT</subfield>
      <subfield code="b">BIB_UASJ</subfield>
      <subfield code="d">2012-05-30</subfield>
      <subfield code="y">BK</subfield>
      <subfield code="p">04-42561</subfield>
      <subfield code="i">04-42561</subfield>
      <subfield code="g">50</subfield>
      <subfield code="o">616-083 D388p</subfield>
      <subfield code="e">Extensión</subfield>
      <subfield code="8">CG</subfield>
    </datafield>
    <datafield tag="952" ind1=" " ind2=" ">
      <subfield code="a">BIB_RECT</subfield>
      <subfield code="b">BIB_UASJ</subfield>
      <subfield code="d">2012-05-30</subfield>
      <subfield code="y">BK</subfield>
      <subfield code="p">04-42562</subfield>
      <subfield code="i">04-42562</subfield>
      <subfield code="g">50</subfield>
      <subfield code="o">616-083 D388p</subfield>
      <subfield code="e">Extensión</subfield>
      <subfield code="8">CG</subfield>
    </datafield>
    <datafield tag="952" ind1=" " ind2=" ">
      <subfield code="a">BIB_RECT</subfield>
      <subfield code="b">BIB_UASJ</subfield>
      <subfield code="d">2012-05-30</subfield>
      <subfield code="y">BK</subfield>
      <subfield code="p">04-42563</subfield>
      <subfield code="i">04-42563</subfield>
      <subfield code="g">50</subfield>
      <subfield code="o">616-083 D388p</subfield>
      <subfield code="e">Extensión</subfield>
      <subfield code="8">CG</subfield>
    </datafield>
    <datafield tag="952" ind1=" " ind2=" ">
      <subfield code="a">BIB_RECT</subfield>
      <subfield code="b">BIB_UASJ</subfield>
      <subfield code="d">2012-05-30</subfield>
      <subfield code="y">BK</subfield>
      <subfield code="p">04-42564</subfield>
      <subfield code="i">04-42564</subfield>
      <subfield code="g">50</subfield>
      <subfield code="o">616-083 D388p</subfield>
      <subfield code="e">Extensión</subfield>
      <subfield code="8">CG</subfield>
    </datafield>
    <datafield tag="952" ind1=" " ind2=" ">
      <subfield code="a">BIB_RECT</subfield>
      <subfield code="b">BIB_UASJ</subfield>
      <subfield code="d">2012-05-30</subfield>
      <subfield code="y">BK</subfield>
      <subfield code="p">04-42565</subfield>
      <subfield code="i">04-42565</subfield>
      <subfield code="g">50</subfield>
      <subfield code="o">616-083 D388p</subfield>
      <subfield code="e">Extensión</subfield>
      <subfield code="8">CG</subfield>
    </datafield>
    <datafield tag="952" ind1=" " ind2=" ">
      <subfield code="a">BIB_RECT</subfield>
      <subfield code="b">BIB_UASJ</subfield>
      <subfield code="d">2012-05-30</subfield>
      <subfield code="y">BK</subfield>
      <subfield code="p">04-42566</subfield>
      <subfield code="i">04-42566</subfield>
      <subfield code="g">50</subfield>
      <subfield code="o">616-083 D388p</subfield>
      <subfield code="e">Extensión</subfield>
      <subfield code="8">CG</subfield>
    </datafield>
    <datafield tag="952" ind1=" " ind2=" ">
      <subfield code="a">BIB_RECT</subfield>
      <subfield code="b">BIB_UASJ</subfield>
      <subfield code="d">2012-05-30</subfield>
      <subfield code="y">BK</subfield>
      <subfield code="p">04-42567</subfield>
      <subfield code="i">04-42567</subfield>
      <subfield code="g">50</subfield>
      <subfield code="o">616-083 D388p</subfield>
      <subfield code="e">Extensión</subfield>
      <subfield code="8">CG</subfield>
    </datafield>
    <datafield tag="952" ind1=" " ind2=" ">
      <subfield code="a">BIB_RECT</subfield>
      <subfield code="b">BIB_UASJ</subfield>
      <subfield code="d">2012-05-30</subfield>
      <subfield code="y">BK</subfield>
      <subfield code="p">04-42568</subfield>
      <subfield code="i">04-42568</subfield>
      <subfield code="g">50</subfield>
      <subfield code="o">616-083 D388p</subfield>
      <subfield code="e">Extensión</subfield>
      <subfield code="8">CG</subfield>
    </datafield>
    <datafield tag="952" ind1=" " ind2=" ">
      <subfield code="a">BIB_RECT</subfield>
      <subfield code="b">BIB_UARG</subfield>
      <subfield code="d">2011-10-28</subfield>
      <subfield code="y">BK</subfield>
      <subfield code="p">05-41716</subfield>
      <subfield code="i">05-41716</subfield>
      <subfield code="g">25</subfield>
      <subfield code="o">616-083 D388p</subfield>
      <subfield code="e">Donación</subfield>
      <subfield code="8">CG</subfield>
    </datafield>
    <datafield tag="952" ind1=" " ind2=" ">
      <subfield code="a">BIB_RECT</subfield>
      <subfield code="b">BIB_UARG</subfield>
      <subfield code="d">2011-10-28</subfield>
      <subfield code="y">BK</subfield>
      <subfield code="p">05-41717</subfield>
      <subfield code="i">05-41717</subfield>
      <subfield code="g">25</subfield>
      <subfield code="o">616-083 D388p</subfield>
      <subfield code="e">Donación</subfield>
      <subfield code="8">CG</subfield>
    </datafield>
    <datafield tag="952" ind1=" " ind2=" ">
      <subfield code="a">BIB_RECT</subfield>
      <subfield code="b">SAT_TRUN</subfield>
      <subfield code="d">2011-10-28</subfield>
      <subfield code="y">BK</subfield>
      <subfield code="p">10-41709</subfield>
      <subfield code="i">10-41709</subfield>
      <subfield code="g">25</subfield>
      <subfield code="o">616-083 D388p</subfield>
      <subfield code="e">Donación</subfield>
      <subfield code="8">CG</subfield>
    </datafield>
    <datafield tag="952" ind1=" " ind2=" ">
      <subfield code="a">BIB_RECT</subfield>
      <subfield code="b">SAT_PBNA</subfield>
      <subfield code="d">2011-10-28</subfield>
      <subfield code="y">BK</subfield>
      <subfield code="p">11-41698</subfield>
      <subfield code="i">11-41698</subfield>
      <subfield code="g">25</subfield>
      <subfield code="o">616-083 D388p</subfield>
      <subfield code="e">Donación</subfield>
      <subfield code="8">CG</subfield>
    </datafield>
    <datafield tag="952" ind1=" " ind2=" ">
      <subfield code="a">BIB_RECT</subfield>
      <subfield code="b">SAT_PBNA</subfield>
      <subfield code="d">2012-06-26</subfield>
      <subfield code="y">BK</subfield>
      <subfield code="p">11-42712</subfield>
      <subfield code="i">11-42712</subfield>
      <subfield code="g">50</subfield>
      <subfield code="o">616-083 D388p</subfield>
      <subfield code="e">Extensión</subfield>
      <subfield code="8">CG</subfield>
    </datafield>
    <datafield tag="952" ind1=" " ind2=" ">
      <subfield code="a">BIB_RECT</subfield>
      <subfield code="b">SAT_PBNA</subfield>
      <subfield code="d">2012-06-25</subfield>
      <subfield code="y">BK</subfield>
      <subfield code="p">11-42713</subfield>
      <subfield code="i">11-42713</subfield>
      <subfield code="g">50</subfield>
      <subfield code="o">616-083 D388p</subfield>
      <subfield code="e">Extensión</subfield>
      <subfield code="8">CG</subfield>
    </datafield>
    <datafield tag="952" ind1=" " ind2=" ">
      <subfield code="a">BIB_RECT</subfield>
      <subfield code="b">SAT_PBNA</subfield>
      <subfield code="d">2012-06-25</subfield>
      <subfield code="y">BK</subfield>
      <subfield code="p">11-42714</subfield>
      <subfield code="i">11-42714</subfield>
      <subfield code="g">50</subfield>
      <subfield code="o">616-083 D388p</subfield>
      <subfield code="e">Extensión</subfield>
      <subfield code="8">CG</subfield>
    </datafield>
    <datafield tag="952" ind1=" " ind2=" ">
      <subfield code="a">BIB_RECT</subfield>
      <subfield code="b">SAT_CLFT</subfield>
      <subfield code="d">2011-10-28</subfield>
      <subfield code="y">BK</subfield>
      <subfield code="p">12-41718</subfield>
      <subfield code="i">12-41718</subfield>
      <subfield code="g">25</subfield>
      <subfield code="o">616-083 D388p</subfield>
      <subfield code="e">Donación</subfield>
      <subfield code="8">CG</subfield>
    </datafield>
    <datafield tag="952" ind1=" " ind2=" ">
      <subfield code="a">BIB_RECT</subfield>
      <subfield code="b">SAT_PMDN </subfield>
      <subfield code="d">2011-10-28</subfield>
      <subfield code="y">BK</subfield>
      <subfield code="p">15-41710</subfield>
      <subfield code="i">15-41710</subfield>
      <subfield code="g">25</subfield>
      <subfield code="o">616-083 D388p</subfield>
      <subfield code="e">Donación</subfield>
      <subfield code="8">CG</subfield>
    </datafield>
    <datafield tag="952" ind1=" " ind2=" ">
      <subfield code="a">BIB_RECT</subfield>
      <subfield code="b">SAT_PDES</subfield>
      <subfield code="d">2012-05-08</subfield>
      <subfield code="y">BK</subfield>
      <subfield code="p">16-42449</subfield>
      <subfield code="i">16-42449</subfield>
      <subfield code="g">50</subfield>
      <subfield code="o">616-083 D388p</subfield>
      <subfield code="e">Donación Sec. de Extensión Universit.</subfield>
      <subfield code="8">CG</subfield>
    </datafield>
    <datafield tag="952" ind1=" " ind2=" ">
      <subfield code="a">BIB_RECT</subfield>
      <subfield code="b">SAT_GREG</subfield>
      <subfield code="d">2011-10-28</subfield>
      <subfield code="y">BK</subfield>
      <subfield code="p">18-41697</subfield>
      <subfield code="i">18-41697</subfield>
      <subfield code="g">25</subfield>
      <subfield code="o">616-083 D388p</subfield>
      <subfield code="e">Donación</subfield>
      <subfield code="8">CG</subfield>
    </datafield>
    <datafield tag="952" ind1=" " ind2=" ">
      <subfield code="a">BIB_RECT</subfield>
      <subfield code="b">SAT_GREG</subfield>
      <subfield code="d">2012-03-07</subfield>
      <subfield code="y">BK</subfield>
      <subfield code="p">18-42120</subfield>
      <subfield code="i">18-42120</subfield>
      <subfield code="g">25</subfield>
      <subfield code="o">616-083 D388p</subfield>
      <subfield code="e">Extensión</subfield>
      <subfield code="8">CG</subfield>
    </datafield>
    <datafield tag="952" ind1=" " ind2=" ">
      <subfield code="a">BIB_RECT</subfield>
      <subfield code="b">SAT_GREG</subfield>
      <subfield code="d">2012-03-07</subfield>
      <subfield code="y">BK</subfield>
      <subfield code="p">18-42121</subfield>
      <subfield code="i">18-42121</subfield>
      <subfield code="g">25</subfield>
      <subfield code="o">616-083 D388p</subfield>
      <subfield code="e">Extensión</subfield>
      <subfield code="8">CG</subfield>
    </datafield>
    <datafield tag="952" ind1=" " ind2=" ">
      <subfield code="a">BIB_RECT</subfield>
      <subfield code="b">SAT_USHU</subfield>
      <subfield code="d">2011-10-28</subfield>
      <subfield code="y">BK</subfield>
      <subfield code="p">19-41719</subfield>
      <subfield code="i">19-41719</subfield>
      <subfield code="g">25</subfield>
      <subfield code="o">616-083 D388p</subfield>
      <subfield code="e">Donación</subfield>
      <subfield code="8">CG</subfield>
    </datafield>
  </record>