
  <record>
    <leader>01000aam  22002601a 4500</leader>
    <controlfield tag="001">YPZ94567</controlfield>
    <controlfield tag="003">YPZ</controlfield>
    <controlfield tag="005">201110271831170</controlfield>
    <controlfield tag="008">111027|###########||||||b||||||||||spa|d</controlfield>
    <datafield tag="020" ind1=" " ind2=" ">
      <subfield code="a">9789871242597</subfield>
    </datafield>
    <datafield tag="040" ind1=" " ind2=" ">
      <subfield code="c">SIUNPA</subfield>
    </datafield>
    <datafield tag="041" ind1=" " ind2=" ">
      <subfield code="a">spa</subfield>
    </datafield>
    <datafield tag="044" ind1=" " ind2=" ">
      <subfield code="a">AR</subfield>
    </datafield>
    <datafield tag="080" ind1=" " ind2=" ">
      <subfield code="a">378.4 A553f</subfield>
    </datafield>
    <datafield tag="100" ind1=" " ind2=" ">
      <subfield code="a">Andrade, Larry.</subfield>
    </datafield>
    <datafield tag="245" ind1=" " ind2=" ">
      <subfield code="a">Los forasteros</subfield>
      <subfield code="b"> : sociología comprensiva del acceso y permanencia a los estudios universitarios. El caso de la UNPA-San Julián (Patagonia Austral)</subfield>
    </datafield>
    <datafield tag="250" ind1=" " ind2=" ">
      <subfield code="a">1a ed.</subfield>
    </datafield>
    <datafield tag="260" ind1=" " ind2=" ">
      <subfield code="a">Río Gallegos</subfield>
      <subfield code="b"> : Universidad Nacional de la Patagonia Austral, UNPA</subfield>
      <subfield code="c"> , 2011</subfield>
    </datafield>
    <datafield tag="650" ind1=" " ind2=" ">
      <subfield code="a"> ALUMNOS</subfield>
    </datafield>
    <datafield tag="650" ind1=" " ind2=" ">
      <subfield code="a"> COMPORTAMIENTO DEL ALUMNO </subfield>
    </datafield>
    <datafield tag="650" ind1=" " ind2=" ">
      <subfield code="a"> MOVILIDAD DEL ALUMNO</subfield>
    </datafield>
    <datafield tag="650" ind1=" " ind2=" ">
      <subfield code="a"> EDUCACION UNIVERSITARIA</subfield>
    </datafield>
    <datafield tag="650" ind1=" " ind2=" ">
      <subfield code="a"> UNIVERSIDAD NACIONAL DE LA PATAGONIA AUSTRAL</subfield>
    </datafield>
    <datafield tag="650" ind1=" " ind2=" ">
      <subfield code="a"> CARACTERISTICAS DEL ALUMNO</subfield>
    </datafield>
    <datafield tag="942" ind1=" " ind2=" ">
      <subfield code="c">BK</subfield>
    </datafield>
    <datafield tag="952" ind1=" " ind2=" ">
      <subfield code="a">BIB_RECT</subfield>
      <subfield code="b">BIB_UACO</subfield>
      <subfield code="d">2011-10-27</subfield>
      <subfield code="y">BK</subfield>
      <subfield code="p">02-41656</subfield>
      <subfield code="i">02-41656</subfield>
      <subfield code="g">60</subfield>
      <subfield code="o">378.4 A553f</subfield>
      <subfield code="e">Donación Sec. de Extensión</subfield>
      <subfield code="8">CG</subfield>
    </datafield>
    <datafield tag="952" ind1=" " ind2=" ">
      <subfield code="a">BIB_RECT</subfield>
      <subfield code="b">BIB_UACO</subfield>
      <subfield code="d">2011-10-27</subfield>
      <subfield code="y">BK</subfield>
      <subfield code="p">02-41657</subfield>
      <subfield code="i">02-41657</subfield>
      <subfield code="g">60</subfield>
      <subfield code="o">378.4 A553f</subfield>
      <subfield code="e">Donación Sec. de Extensión</subfield>
      <subfield code="8">CG</subfield>
    </datafield>
    <datafield tag="952" ind1=" " ind2=" ">
      <subfield code="a">BIB_RECT</subfield>
      <subfield code="b">BIB_UACO</subfield>
      <subfield code="d">2011-10-27</subfield>
      <subfield code="y">BK</subfield>
      <subfield code="p">02-41658</subfield>
      <subfield code="i">02-41658</subfield>
      <subfield code="g">60</subfield>
      <subfield code="o">378.4 A553f</subfield>
      <subfield code="e">Donación Sec. de Extensión</subfield>
      <subfield code="8">CG</subfield>
    </datafield>
    <datafield tag="952" ind1=" " ind2=" ">
      <subfield code="a">BIB_RECT</subfield>
      <subfield code="b">BIB_UACO</subfield>
      <subfield code="d">2011-10-27</subfield>
      <subfield code="y">BK</subfield>
      <subfield code="p">02-41659</subfield>
      <subfield code="i">02-41659</subfield>
      <subfield code="g">60</subfield>
      <subfield code="o">378.4 A553f</subfield>
      <subfield code="e">Donación Sec. de Extensión</subfield>
      <subfield code="8">CG</subfield>
    </datafield>
    <datafield tag="952" ind1=" " ind2=" ">
      <subfield code="a">BIB_RECT</subfield>
      <subfield code="b">BIB_UACO</subfield>
      <subfield code="d">2011-10-28</subfield>
      <subfield code="y">BK</subfield>
      <subfield code="p">02-41703</subfield>
      <subfield code="i">02-41703</subfield>
      <subfield code="g">50</subfield>
      <subfield code="o">378.4 A553f</subfield>
      <subfield code="e">Donación</subfield>
      <subfield code="8">CG</subfield>
    </datafield>
    <datafield tag="952" ind1=" " ind2=" ">
      <subfield code="a">BIB_RECT</subfield>
      <subfield code="b">BIB_UACO</subfield>
      <subfield code="d">2011-10-28</subfield>
      <subfield code="y">BK</subfield>
      <subfield code="p">02-41704</subfield>
      <subfield code="i">02-41704</subfield>
      <subfield code="g">50</subfield>
      <subfield code="o">378.4 A553f</subfield>
      <subfield code="e">Donación</subfield>
      <subfield code="8">CG</subfield>
    </datafield>
    <datafield tag="952" ind1=" " ind2=" ">
      <subfield code="a">BIB_RECT</subfield>
      <subfield code="b">BIB_UART</subfield>
      <subfield code="d">2012-05-08</subfield>
      <subfield code="y">BK</subfield>
      <subfield code="p">03-42448</subfield>
      <subfield code="i">03-42448</subfield>
      <subfield code="g">70</subfield>
      <subfield code="o">378.4 A553f</subfield>
      <subfield code="e">Donación Sec. de Extensión</subfield>
      <subfield code="8">CG</subfield>
    </datafield>
    <datafield tag="952" ind1=" " ind2=" ">
      <subfield code="a">BIB_RECT</subfield>
      <subfield code="b">BIB_UASJ</subfield>
      <subfield code="d">2011-10-28</subfield>
      <subfield code="y">BK</subfield>
      <subfield code="p">04-41691</subfield>
      <subfield code="i">04-41691</subfield>
      <subfield code="g">50</subfield>
      <subfield code="o">378.4 A553f</subfield>
      <subfield code="e">Donación</subfield>
      <subfield code="8">CG</subfield>
    </datafield>
    <datafield tag="952" ind1=" " ind2=" ">
      <subfield code="a">BIB_RECT</subfield>
      <subfield code="b">BIB_UASJ</subfield>
      <subfield code="d">2011-10-28</subfield>
      <subfield code="y">BK</subfield>
      <subfield code="p">04-41692</subfield>
      <subfield code="i">04-41692</subfield>
      <subfield code="g">50</subfield>
      <subfield code="o">378.4 A553f</subfield>
      <subfield code="e">Donación</subfield>
      <subfield code="8">CG</subfield>
    </datafield>
    <datafield tag="952" ind1=" " ind2=" ">
      <subfield code="a">BIB_RECT</subfield>
      <subfield code="b">BIB_UASJ</subfield>
      <subfield code="d">2012-05-30</subfield>
      <subfield code="y">BK</subfield>
      <subfield code="p">04-42579</subfield>
      <subfield code="i">04-42579</subfield>
      <subfield code="g">60</subfield>
      <subfield code="o">378.4 A553f</subfield>
      <subfield code="e">Sec. Extensión</subfield>
      <subfield code="8">CG</subfield>
    </datafield>
    <datafield tag="952" ind1=" " ind2=" ">
      <subfield code="a">BIB_RECT</subfield>
      <subfield code="b">BIB_UASJ</subfield>
      <subfield code="d">2012-05-30</subfield>
      <subfield code="y">BK</subfield>
      <subfield code="p">04-42580</subfield>
      <subfield code="i">04-42580</subfield>
      <subfield code="g">60</subfield>
      <subfield code="o">378.4 A553f</subfield>
      <subfield code="e">Sec. Extensión</subfield>
      <subfield code="8">CG</subfield>
    </datafield>
    <datafield tag="952" ind1=" " ind2=" ">
      <subfield code="a">BIB_RECT</subfield>
      <subfield code="b">BIB_UASJ</subfield>
      <subfield code="d">2012-05-30</subfield>
      <subfield code="y">BK</subfield>
      <subfield code="p">04-42581</subfield>
      <subfield code="i">04-42581</subfield>
      <subfield code="g">60</subfield>
      <subfield code="o">378.4 A553f</subfield>
      <subfield code="e">Sec. Extensión</subfield>
      <subfield code="8">CG</subfield>
    </datafield>
    <datafield tag="952" ind1=" " ind2=" ">
      <subfield code="a">BIB_RECT</subfield>
      <subfield code="b">BIB_UASJ</subfield>
      <subfield code="d">2012-05-30</subfield>
      <subfield code="y">BK</subfield>
      <subfield code="p">04-42582</subfield>
      <subfield code="i">04-42582</subfield>
      <subfield code="g">60</subfield>
      <subfield code="o">378.4 A553f</subfield>
      <subfield code="e">Sec. Extensión</subfield>
      <subfield code="8">CG</subfield>
    </datafield>
    <datafield tag="952" ind1=" " ind2=" ">
      <subfield code="a">BIB_RECT</subfield>
      <subfield code="b">BIB_UASJ</subfield>
      <subfield code="d">2012-05-30</subfield>
      <subfield code="y">BK</subfield>
      <subfield code="p">04-42583</subfield>
      <subfield code="i">04-42583</subfield>
      <subfield code="g">65</subfield>
      <subfield code="o">378.4 A553f</subfield>
      <subfield code="e">Sec. Extensión</subfield>
      <subfield code="8">CG</subfield>
    </datafield>
    <datafield tag="952" ind1=" " ind2=" ">
      <subfield code="a">BIB_RECT</subfield>
      <subfield code="b">BIB_UASJ</subfield>
      <subfield code="d">2012-05-30</subfield>
      <subfield code="y">BK</subfield>
      <subfield code="p">04-42584</subfield>
      <subfield code="i">04-42584</subfield>
      <subfield code="g">60</subfield>
      <subfield code="o">378.4 A553f</subfield>
      <subfield code="e">Sec. Extensión</subfield>
      <subfield code="8">CG</subfield>
    </datafield>
    <datafield tag="952" ind1=" " ind2=" ">
      <subfield code="a">BIB_RECT</subfield>
      <subfield code="b">BIB_UASJ</subfield>
      <subfield code="d">2012-05-30</subfield>
      <subfield code="y">BK</subfield>
      <subfield code="p">04-42585</subfield>
      <subfield code="i">04-42585</subfield>
      <subfield code="g">60</subfield>
      <subfield code="o">378.4 A553f</subfield>
      <subfield code="e">Sec. Extensión</subfield>
      <subfield code="8">CG</subfield>
    </datafield>
    <datafield tag="952" ind1=" " ind2=" ">
      <subfield code="a">BIB_RECT</subfield>
      <subfield code="b">BIB_UASJ</subfield>
      <subfield code="d">2012-05-30</subfield>
      <subfield code="y">BK</subfield>
      <subfield code="p">04-42586</subfield>
      <subfield code="i">04-42586</subfield>
      <subfield code="g">60</subfield>
      <subfield code="o">378.4 A553f</subfield>
      <subfield code="e">Sec. Extensión</subfield>
      <subfield code="8">CG</subfield>
    </datafield>
    <datafield tag="952" ind1=" " ind2=" ">
      <subfield code="a">BIB_RECT</subfield>
      <subfield code="b">BIB_UASJ</subfield>
      <subfield code="d">2012-05-30</subfield>
      <subfield code="y">BK</subfield>
      <subfield code="p">04-42587</subfield>
      <subfield code="i">04-42587</subfield>
      <subfield code="g">60</subfield>
      <subfield code="o">378.4 A553f</subfield>
      <subfield code="e">Sec. Extensión</subfield>
      <subfield code="8">CG</subfield>
    </datafield>
    <datafield tag="952" ind1=" " ind2=" ">
      <subfield code="a">BIB_RECT</subfield>
      <subfield code="b">BIB_UASJ</subfield>
      <subfield code="d">2012-05-30</subfield>
      <subfield code="y">BK</subfield>
      <subfield code="p">04-42588</subfield>
      <subfield code="i">04-42588</subfield>
      <subfield code="g">60</subfield>
      <subfield code="o">378.4 A553f</subfield>
      <subfield code="e">Sec. Extensión</subfield>
      <subfield code="8">CG</subfield>
    </datafield>
    <datafield tag="952" ind1=" " ind2=" ">
      <subfield code="a">BIB_RECT</subfield>
      <subfield code="b">BIB_UARG</subfield>
      <subfield code="d">2011-10-28</subfield>
      <subfield code="y">BK</subfield>
      <subfield code="p">05-41724</subfield>
      <subfield code="i">05-41724</subfield>
      <subfield code="g">50</subfield>
      <subfield code="o">378.4 A553f</subfield>
      <subfield code="e">Donación</subfield>
      <subfield code="8">CG</subfield>
    </datafield>
    <datafield tag="952" ind1=" " ind2=" ">
      <subfield code="a">BIB_RECT</subfield>
      <subfield code="b">BIB_UARG</subfield>
      <subfield code="d">2011-10-28</subfield>
      <subfield code="y">BK</subfield>
      <subfield code="p">05-41725</subfield>
      <subfield code="i">05-41725</subfield>
      <subfield code="g">50</subfield>
      <subfield code="o">378.4 A553f</subfield>
      <subfield code="e">Donación</subfield>
      <subfield code="8">CG</subfield>
    </datafield>
    <datafield tag="952" ind1=" " ind2=" ">
      <subfield code="a">BIB_RECT</subfield>
      <subfield code="b">SAT_TRUN</subfield>
      <subfield code="d">2011-10-28</subfield>
      <subfield code="y">BK</subfield>
      <subfield code="p">10-41705</subfield>
      <subfield code="i">10-41705</subfield>
      <subfield code="g">50</subfield>
      <subfield code="o">378.4 A553f</subfield>
      <subfield code="e">Donación</subfield>
      <subfield code="8">CG</subfield>
    </datafield>
    <datafield tag="952" ind1=" " ind2=" ">
      <subfield code="a">BIB_RECT</subfield>
      <subfield code="b">SAT_PBNA</subfield>
      <subfield code="d">2011-10-28</subfield>
      <subfield code="y">BK</subfield>
      <subfield code="p">11-41694</subfield>
      <subfield code="i">11-41694</subfield>
      <subfield code="g">50</subfield>
      <subfield code="o">378.4 A553f</subfield>
      <subfield code="e">Donación</subfield>
      <subfield code="8">CG</subfield>
    </datafield>
    <datafield tag="952" ind1=" " ind2=" ">
      <subfield code="a">BIB_RECT</subfield>
      <subfield code="b">SAT_PBNA</subfield>
      <subfield code="d">2012-06-25</subfield>
      <subfield code="y">BK</subfield>
      <subfield code="p">11-42706</subfield>
      <subfield code="i">11-42706</subfield>
      <subfield code="g">60</subfield>
      <subfield code="o">378.4 A553f</subfield>
      <subfield code="e">Extensión</subfield>
      <subfield code="8">CG</subfield>
    </datafield>
    <datafield tag="952" ind1=" " ind2=" ">
      <subfield code="a">BIB_RECT</subfield>
      <subfield code="b">SAT_PBNA</subfield>
      <subfield code="d">2012-06-25</subfield>
      <subfield code="y">BK</subfield>
      <subfield code="p">11-42707</subfield>
      <subfield code="i">11-42707</subfield>
      <subfield code="g">60</subfield>
      <subfield code="o">378.4 A553f</subfield>
      <subfield code="e">Extensión</subfield>
      <subfield code="8">CG</subfield>
    </datafield>
    <datafield tag="952" ind1=" " ind2=" ">
      <subfield code="a">BIB_RECT</subfield>
      <subfield code="b">SAT_PBNA</subfield>
      <subfield code="d">2012-06-25</subfield>
      <subfield code="y">BK</subfield>
      <subfield code="p">11-42708</subfield>
      <subfield code="i">11-42708</subfield>
      <subfield code="g">60</subfield>
      <subfield code="o">378.4 A553f</subfield>
      <subfield code="e">Extensión</subfield>
      <subfield code="8">CG</subfield>
    </datafield>
    <datafield tag="952" ind1=" " ind2=" ">
      <subfield code="a">BIB_RECT</subfield>
      <subfield code="b">SAT_CLFT</subfield>
      <subfield code="d">2011-10-28</subfield>
      <subfield code="y">BK</subfield>
      <subfield code="p">12-41726</subfield>
      <subfield code="i">12-41726</subfield>
      <subfield code="g">50</subfield>
      <subfield code="o">378.4 A553f</subfield>
      <subfield code="e">Donación</subfield>
      <subfield code="8">CG</subfield>
    </datafield>
    <datafield tag="952" ind1=" " ind2=" ">
      <subfield code="a">BIB_RECT</subfield>
      <subfield code="b">SAT_PMDN </subfield>
      <subfield code="d">2011-10-28</subfield>
      <subfield code="y">BK</subfield>
      <subfield code="p">15-41706</subfield>
      <subfield code="i">15-41706</subfield>
      <subfield code="g">50</subfield>
      <subfield code="o">378.4 A553f</subfield>
      <subfield code="e">Donación</subfield>
      <subfield code="8">CG</subfield>
    </datafield>
    <datafield tag="952" ind1=" " ind2=" ">
      <subfield code="a">BIB_RECT</subfield>
      <subfield code="b">SAT_PDES</subfield>
      <subfield code="d">2012-05-08</subfield>
      <subfield code="y">BK</subfield>
      <subfield code="p">16-42447</subfield>
      <subfield code="i">16-42447</subfield>
      <subfield code="g">70</subfield>
      <subfield code="o">378.4 A553f</subfield>
      <subfield code="e">Donación Sec. de Extensión Universit.</subfield>
      <subfield code="8">CG</subfield>
    </datafield>
    <datafield tag="952" ind1=" " ind2=" ">
      <subfield code="a">BIB_RECT</subfield>
      <subfield code="b">SAT_GREG</subfield>
      <subfield code="d">2011-10-28</subfield>
      <subfield code="y">BK</subfield>
      <subfield code="p">18-41693</subfield>
      <subfield code="i">18-41693</subfield>
      <subfield code="g">50</subfield>
      <subfield code="o">378.4 A553f</subfield>
      <subfield code="e">Donación</subfield>
      <subfield code="8">CG</subfield>
    </datafield>
    <datafield tag="952" ind1=" " ind2=" ">
      <subfield code="a">BIB_RECT</subfield>
      <subfield code="b">SAT_GREG</subfield>
      <subfield code="d">2012-03-07</subfield>
      <subfield code="y">BK</subfield>
      <subfield code="p">18-42116</subfield>
      <subfield code="i">18-42116</subfield>
      <subfield code="g">50</subfield>
      <subfield code="o">378.4 A553f</subfield>
      <subfield code="e">Extensión</subfield>
      <subfield code="8">CG</subfield>
    </datafield>
    <datafield tag="952" ind1=" " ind2=" ">
      <subfield code="a">BIB_RECT</subfield>
      <subfield code="b">SAT_GREG</subfield>
      <subfield code="d">2012-03-07</subfield>
      <subfield code="y">BK</subfield>
      <subfield code="p">18-42117</subfield>
      <subfield code="i">18-42117</subfield>
      <subfield code="g">50</subfield>
      <subfield code="o">378.4 A553f</subfield>
      <subfield code="e">Extensión</subfield>
      <subfield code="8">CG</subfield>
    </datafield>
    <datafield tag="952" ind1=" " ind2=" ">
      <subfield code="a">BIB_RECT</subfield>
      <subfield code="b">SAT_USHU</subfield>
      <subfield code="d">2011-10-28</subfield>
      <subfield code="y">BK</subfield>
      <subfield code="p">19-41727</subfield>
      <subfield code="i">19-41727</subfield>
      <subfield code="g">50</subfield>
      <subfield code="o">378.4 A553f</subfield>
      <subfield code="e">Donación</subfield>
      <subfield code="8">CG</subfield>
    </datafield>
  </record>