
  <record>
    <leader>01000aam  22002601a 4500</leader>
    <controlfield tag="001">YPZ94568</controlfield>
    <controlfield tag="003">YPZ</controlfield>
    <controlfield tag="005">201110271843220</controlfield>
    <controlfield tag="008">111027|###########||||||b||||||||||spa|d</controlfield>
    <datafield tag="020" ind1=" " ind2=" ">
      <subfield code="a">9789871242566</subfield>
    </datafield>
    <datafield tag="040" ind1=" " ind2=" ">
      <subfield code="c">SIUNPA</subfield>
    </datafield>
    <datafield tag="041" ind1=" " ind2=" ">
      <subfield code="a">spa</subfield>
    </datafield>
    <datafield tag="044" ind1=" " ind2=" ">
      <subfield code="a">AR</subfield>
    </datafield>
    <datafield tag="080" ind1=" " ind2=" ">
      <subfield code="a">305-055.2(828.8)</subfield>
    </datafield>
    <datafield tag="100" ind1=" " ind2=" ">
      <subfield code="a">Enrici, Aldo.</subfield>
    </datafield>
    <datafield tag="700" ind1=" " ind2=" ">
      <subfield code="a">Simonetti, Graciela.</subfield>
    </datafield>
    <datafield tag="700" ind1=" " ind2=" ">
      <subfield code="a">Benitez, Alfredo Rubén.</subfield>
    </datafield>
    <datafield tag="700" ind1=" " ind2=" ">
      <subfield code="a">Sosa, Celia.</subfield>
    </datafield>
    <datafield tag="700" ind1=" " ind2=" ">
      <subfield code="a">Vega, Gloria Patricia.</subfield>
    </datafield>
    <datafield tag="700" ind1=" " ind2=" ">
      <subfield code="a">Aliaga, Marta.</subfield>
    </datafield>
    <datafield tag="700" ind1=" " ind2=" ">
      <subfield code="a">Ojeda, Muriel.</subfield>
    </datafield>
    <datafield tag="700" ind1=" " ind2=" ">
      <subfield code="a">Blanco, Patricia Esther.</subfield>
    </datafield>
    <datafield tag="700" ind1=" " ind2=" ">
      <subfield code="a">Yung, Patricia.</subfield>
    </datafield>
    <datafield tag="700" ind1=" " ind2=" ">
      <subfield code="a">Firpo, Rosana.</subfield>
    </datafield>
    <datafield tag="700" ind1=" " ind2=" ">
      <subfield code="a">Rossier, Santiago.</subfield>
    </datafield>
    <datafield tag="700" ind1=" " ind2=" ">
      <subfield code="a">Ojeda, Sara.</subfield>
    </datafield>
    <datafield tag="700" ind1=" " ind2=" ">
      <subfield code="a">Rojas, Azucena.</subfield>
    </datafield>
    <datafield tag="700" ind1=" " ind2=" ">
      <subfield code="a">Allende, Silvia.</subfield>
    </datafield>
    <datafield tag="245" ind1=" " ind2=" ">
      <subfield code="a">Condiciones de vida</subfield>
      <subfield code="b"> : representaciones sociales en la salud mental desde la perspectiva de género</subfield>
      <subfield code="c"> / Simonetti, Graciela, comp. ; Enrici, Aldo, comp. ; Saenz, José Luis ; Maglione, Dora</subfield>
    </datafield>
    <datafield tag="250" ind1=" " ind2=" ">
      <subfield code="a">1a ed.</subfield>
    </datafield>
    <datafield tag="260" ind1=" " ind2=" ">
      <subfield code="a">Río Gallegos</subfield>
      <subfield code="b"> : Universidad Nacional de la Patagonia Austral, UNPA</subfield>
      <subfield code="c"> , 2011</subfield>
    </datafield>
    <datafield tag="500" ind1=" " ind2=" ">
      <subfield code="a">Otra subtít.: El caso: las mujeres residentes en la zona sur de Santa Cruz</subfield>
    </datafield>
    <datafield tag="650" ind1=" " ind2=" ">
      <subfield code="a"> SALUD MENTAL</subfield>
    </datafield>
    <datafield tag="650" ind1=" " ind2=" ">
      <subfield code="a"> MUJERES </subfield>
    </datafield>
    <datafield tag="650" ind1=" " ind2=" ">
      <subfield code="a"> PSICOLOGIA DIFERENCIAL</subfield>
    </datafield>
    <datafield tag="650" ind1=" " ind2=" ">
      <subfield code="a"> ESTUDIOS DE GENERO</subfield>
    </datafield>
    <datafield tag="650" ind1=" " ind2=" ">
      <subfield code="a"> SANTA CRUZ (ARGENTINA)</subfield>
    </datafield>
    <datafield tag="942" ind1=" " ind2=" ">
      <subfield code="c">BK</subfield>
    </datafield>
    <datafield tag="952" ind1=" " ind2=" ">
      <subfield code="a">BIB_RECT</subfield>
      <subfield code="b">BIB_UACO</subfield>
      <subfield code="d">2011-10-19</subfield>
      <subfield code="y">BK</subfield>
      <subfield code="p">02-41660</subfield>
      <subfield code="i">02-41660</subfield>
      <subfield code="g">80</subfield>
      <subfield code="o">305-055.2(828.8)</subfield>
      <subfield code="e">Secretaría de Extensión</subfield>
      <subfield code="8">CG</subfield>
    </datafield>
    <datafield tag="952" ind1=" " ind2=" ">
      <subfield code="a">BIB_RECT</subfield>
      <subfield code="b">BIB_UACO</subfield>
      <subfield code="d">2011-10-19</subfield>
      <subfield code="y">BK</subfield>
      <subfield code="p">02-41661</subfield>
      <subfield code="i">02-41661</subfield>
      <subfield code="g">80</subfield>
      <subfield code="o">305-055.2(828.8)</subfield>
      <subfield code="e">Secretaría de Extensión</subfield>
      <subfield code="8">CG</subfield>
    </datafield>
    <datafield tag="952" ind1=" " ind2=" ">
      <subfield code="a">BIB_RECT</subfield>
      <subfield code="b">BIB_UACO</subfield>
      <subfield code="d">2011-10-19</subfield>
      <subfield code="y">BK</subfield>
      <subfield code="p">02-41662</subfield>
      <subfield code="i">02-41662</subfield>
      <subfield code="g">80</subfield>
      <subfield code="o">305-055.2(828.8)</subfield>
      <subfield code="e">Secretaría de Extensión</subfield>
      <subfield code="8">CG</subfield>
    </datafield>
    <datafield tag="952" ind1=" " ind2=" ">
      <subfield code="a">BIB_RECT</subfield>
      <subfield code="b">BIB_UACO</subfield>
      <subfield code="d">2011-10-19</subfield>
      <subfield code="y">BK</subfield>
      <subfield code="p">02-41663</subfield>
      <subfield code="i">02-41663</subfield>
      <subfield code="g">80</subfield>
      <subfield code="o">305-055.2(828.8)</subfield>
      <subfield code="e">Secretaría de Extensión</subfield>
      <subfield code="8">CG</subfield>
    </datafield>
    <datafield tag="952" ind1=" " ind2=" ">
      <subfield code="a">BIB_RECT</subfield>
      <subfield code="b">BIB_UACO</subfield>
      <subfield code="d">2011-10-28</subfield>
      <subfield code="y">BK</subfield>
      <subfield code="p">02-41711</subfield>
      <subfield code="i">02-41711</subfield>
      <subfield code="g">65</subfield>
      <subfield code="o">305-055.2(828.8)</subfield>
      <subfield code="e">Donación</subfield>
      <subfield code="8">CG</subfield>
    </datafield>
    <datafield tag="952" ind1=" " ind2=" ">
      <subfield code="a">BIB_RECT</subfield>
      <subfield code="b">BIB_UACO</subfield>
      <subfield code="d">2011-10-28</subfield>
      <subfield code="y">BK</subfield>
      <subfield code="p">02-41712</subfield>
      <subfield code="i">02-41712</subfield>
      <subfield code="g">65</subfield>
      <subfield code="o">305-055.2(828.8)</subfield>
      <subfield code="e">Donación</subfield>
      <subfield code="8">CG</subfield>
    </datafield>
    <datafield tag="952" ind1=" " ind2=" ">
      <subfield code="a">BIB_RECT</subfield>
      <subfield code="b">BIB_UART</subfield>
      <subfield code="d">2012-05-08</subfield>
      <subfield code="y">BK</subfield>
      <subfield code="p">03-42452</subfield>
      <subfield code="i">03-42452</subfield>
      <subfield code="g">80</subfield>
      <subfield code="o">305-055.2(828.8)</subfield>
      <subfield code="e">Donación Sec. de Extensión Universitaria</subfield>
      <subfield code="8">CG</subfield>
    </datafield>
    <datafield tag="952" ind1=" " ind2=" ">
      <subfield code="a">BIB_RECT</subfield>
      <subfield code="b">BIB_UASJ</subfield>
      <subfield code="d">2011-10-28</subfield>
      <subfield code="y">BK</subfield>
      <subfield code="p">04-41699</subfield>
      <subfield code="i">04-41699</subfield>
      <subfield code="g">65</subfield>
      <subfield code="o">305-055.2(828.8)</subfield>
      <subfield code="e">Donación</subfield>
      <subfield code="8">CG</subfield>
    </datafield>
    <datafield tag="952" ind1=" " ind2=" ">
      <subfield code="a">BIB_RECT</subfield>
      <subfield code="b">BIB_UASJ</subfield>
      <subfield code="d">2011-10-28</subfield>
      <subfield code="y">BK</subfield>
      <subfield code="p">04-41700</subfield>
      <subfield code="i">04-41700</subfield>
      <subfield code="g">65</subfield>
      <subfield code="o">305-055.2(828.8)</subfield>
      <subfield code="e">Donación</subfield>
      <subfield code="8">CG</subfield>
    </datafield>
    <datafield tag="952" ind1=" " ind2=" ">
      <subfield code="a">BIB_RECT</subfield>
      <subfield code="b">BIB_UASJ</subfield>
      <subfield code="d">2012-05-30</subfield>
      <subfield code="y">BK</subfield>
      <subfield code="p">04-42589</subfield>
      <subfield code="i">04-42589</subfield>
      <subfield code="g">80</subfield>
      <subfield code="o">305-055.2(828.8)</subfield>
      <subfield code="e">Extensión</subfield>
      <subfield code="8">CG</subfield>
    </datafield>
    <datafield tag="952" ind1=" " ind2=" ">
      <subfield code="a">BIB_RECT</subfield>
      <subfield code="b">BIB_UASJ</subfield>
      <subfield code="d">2012-05-30</subfield>
      <subfield code="y">BK</subfield>
      <subfield code="p">04-42590</subfield>
      <subfield code="i">04-42590</subfield>
      <subfield code="g">80</subfield>
      <subfield code="o">305-055.2(828.8)</subfield>
      <subfield code="e">Extensión</subfield>
      <subfield code="8">CG</subfield>
    </datafield>
    <datafield tag="952" ind1=" " ind2=" ">
      <subfield code="a">BIB_RECT</subfield>
      <subfield code="b">BIB_UASJ</subfield>
      <subfield code="d">2012-05-30</subfield>
      <subfield code="y">BK</subfield>
      <subfield code="p">04-42591</subfield>
      <subfield code="i">04-42591</subfield>
      <subfield code="g">80</subfield>
      <subfield code="o">305-055.2(828.8)</subfield>
      <subfield code="e">Extensión</subfield>
      <subfield code="8">CG</subfield>
    </datafield>
    <datafield tag="952" ind1=" " ind2=" ">
      <subfield code="a">BIB_RECT</subfield>
      <subfield code="b">BIB_UASJ</subfield>
      <subfield code="d">2012-05-30</subfield>
      <subfield code="y">BK</subfield>
      <subfield code="p">04-42592</subfield>
      <subfield code="i">04-42592</subfield>
      <subfield code="g">80</subfield>
      <subfield code="o">305-055.2(828.8)</subfield>
      <subfield code="e">Extensión</subfield>
      <subfield code="8">CG</subfield>
    </datafield>
    <datafield tag="952" ind1=" " ind2=" ">
      <subfield code="a">BIB_RECT</subfield>
      <subfield code="b">BIB_UASJ</subfield>
      <subfield code="d">2012-05-30</subfield>
      <subfield code="y">BK</subfield>
      <subfield code="p">04-42593</subfield>
      <subfield code="i">04-42593</subfield>
      <subfield code="g">80</subfield>
      <subfield code="o">305-055.2(828.8)</subfield>
      <subfield code="e">Extensión</subfield>
      <subfield code="8">CG</subfield>
    </datafield>
    <datafield tag="952" ind1=" " ind2=" ">
      <subfield code="a">BIB_RECT</subfield>
      <subfield code="b">BIB_UASJ</subfield>
      <subfield code="d">2012-05-30</subfield>
      <subfield code="y">BK</subfield>
      <subfield code="p">04-42594</subfield>
      <subfield code="i">04-42594</subfield>
      <subfield code="g">80</subfield>
      <subfield code="o">305-055.2(828.8)</subfield>
      <subfield code="e">Extensión</subfield>
      <subfield code="8">CG</subfield>
    </datafield>
    <datafield tag="952" ind1=" " ind2=" ">
      <subfield code="a">BIB_RECT</subfield>
      <subfield code="b">BIB_UASJ</subfield>
      <subfield code="d">2012-05-30</subfield>
      <subfield code="y">BK</subfield>
      <subfield code="p">04-42595</subfield>
      <subfield code="i">04-42595</subfield>
      <subfield code="g">80</subfield>
      <subfield code="o">305-055.2(828.8)</subfield>
      <subfield code="e">Extensión</subfield>
      <subfield code="8">CG</subfield>
    </datafield>
    <datafield tag="952" ind1=" " ind2=" ">
      <subfield code="a">BIB_RECT</subfield>
      <subfield code="b">BIB_UASJ</subfield>
      <subfield code="d">2012-05-30</subfield>
      <subfield code="y">BK</subfield>
      <subfield code="p">04-42596</subfield>
      <subfield code="i">04-42596</subfield>
      <subfield code="g">80</subfield>
      <subfield code="o">305-055.2(828.8)</subfield>
      <subfield code="e">Extensión</subfield>
      <subfield code="8">CG</subfield>
    </datafield>
    <datafield tag="952" ind1=" " ind2=" ">
      <subfield code="a">BIB_RECT</subfield>
      <subfield code="b">BIB_UASJ</subfield>
      <subfield code="d">2012-05-30</subfield>
      <subfield code="y">BK</subfield>
      <subfield code="p">04-42597</subfield>
      <subfield code="i">04-42597</subfield>
      <subfield code="g">80</subfield>
      <subfield code="o">305-055.2(828.8)</subfield>
      <subfield code="e">Extensión</subfield>
      <subfield code="8">CG</subfield>
    </datafield>
    <datafield tag="952" ind1=" " ind2=" ">
      <subfield code="a">BIB_RECT</subfield>
      <subfield code="b">BIB_UASJ</subfield>
      <subfield code="d">2012-05-30</subfield>
      <subfield code="y">BK</subfield>
      <subfield code="p">04-42598</subfield>
      <subfield code="i">04-42598</subfield>
      <subfield code="g">80</subfield>
      <subfield code="o">305-055.2(828.8)</subfield>
      <subfield code="e">Extensión</subfield>
      <subfield code="8">CG</subfield>
    </datafield>
    <datafield tag="952" ind1=" " ind2=" ">
      <subfield code="a">BIB_RECT</subfield>
      <subfield code="b">BIB_UARG</subfield>
      <subfield code="d">2011-10-28</subfield>
      <subfield code="y">BK</subfield>
      <subfield code="p">05-41720</subfield>
      <subfield code="i">05-41720</subfield>
      <subfield code="g">65</subfield>
      <subfield code="o">305-055.2(828.8)</subfield>
      <subfield code="e">Donación</subfield>
      <subfield code="8">CG</subfield>
    </datafield>
    <datafield tag="952" ind1=" " ind2=" ">
      <subfield code="a">BIB_RECT</subfield>
      <subfield code="b">BIB_UARG</subfield>
      <subfield code="d">2011-10-28</subfield>
      <subfield code="y">BK</subfield>
      <subfield code="p">05-41721</subfield>
      <subfield code="i">05-41721</subfield>
      <subfield code="g">65</subfield>
      <subfield code="o">305-055.2(828.8)</subfield>
      <subfield code="e">Donación</subfield>
      <subfield code="8">CG</subfield>
    </datafield>
    <datafield tag="952" ind1=" " ind2=" ">
      <subfield code="a">BIB_RECT</subfield>
      <subfield code="b">SAT_TRUN</subfield>
      <subfield code="d">2011-10-28</subfield>
      <subfield code="y">BK</subfield>
      <subfield code="p">10-41713</subfield>
      <subfield code="i">10-41713</subfield>
      <subfield code="g">65</subfield>
      <subfield code="o">305-055.2(828.8)</subfield>
      <subfield code="e">Donación</subfield>
      <subfield code="8">CG</subfield>
    </datafield>
    <datafield tag="952" ind1=" " ind2=" ">
      <subfield code="a">BIB_RECT</subfield>
      <subfield code="b">SAT_PBNA</subfield>
      <subfield code="d">2011-10-28</subfield>
      <subfield code="y">BK</subfield>
      <subfield code="p">11-41702</subfield>
      <subfield code="i">11-41702</subfield>
      <subfield code="g">65</subfield>
      <subfield code="o">305-055.2(828.8)</subfield>
      <subfield code="e">Donación</subfield>
      <subfield code="8">CG</subfield>
    </datafield>
    <datafield tag="952" ind1=" " ind2=" ">
      <subfield code="a">BIB_RECT</subfield>
      <subfield code="b">SAT_PBNA</subfield>
      <subfield code="d">2012-06-25</subfield>
      <subfield code="y">BK</subfield>
      <subfield code="p">11-42709</subfield>
      <subfield code="i">11-42709</subfield>
      <subfield code="g">80</subfield>
      <subfield code="o">305-055.2(828.8)</subfield>
      <subfield code="e">Extensión</subfield>
      <subfield code="8">CG</subfield>
    </datafield>
    <datafield tag="952" ind1=" " ind2=" ">
      <subfield code="a">BIB_RECT</subfield>
      <subfield code="b">SAT_PBNA</subfield>
      <subfield code="d">2012-06-25</subfield>
      <subfield code="y">BK</subfield>
      <subfield code="p">11-42710</subfield>
      <subfield code="i">11-42710</subfield>
      <subfield code="g">80</subfield>
      <subfield code="o">305-055.2(828.8)</subfield>
      <subfield code="e">Extensión</subfield>
      <subfield code="8">CG</subfield>
    </datafield>
    <datafield tag="952" ind1=" " ind2=" ">
      <subfield code="a">BIB_RECT</subfield>
      <subfield code="b">SAT_PBNA</subfield>
      <subfield code="d">2012-06-25</subfield>
      <subfield code="y">BK</subfield>
      <subfield code="p">11-42711</subfield>
      <subfield code="i">11-42711</subfield>
      <subfield code="g">80</subfield>
      <subfield code="o">305-055.2(828.8)</subfield>
      <subfield code="e">Extensión</subfield>
      <subfield code="8">CG</subfield>
    </datafield>
    <datafield tag="952" ind1=" " ind2=" ">
      <subfield code="a">BIB_RECT</subfield>
      <subfield code="b">SAT_CLFT</subfield>
      <subfield code="d">2011-10-28</subfield>
      <subfield code="y">BK</subfield>
      <subfield code="p">12-41722</subfield>
      <subfield code="i">12-41722</subfield>
      <subfield code="g">65</subfield>
      <subfield code="o">305-055.2(828.8)</subfield>
      <subfield code="e">Donación</subfield>
      <subfield code="8">CG</subfield>
    </datafield>
    <datafield tag="952" ind1=" " ind2=" ">
      <subfield code="a">BIB_RECT</subfield>
      <subfield code="b">SAT_PMDN </subfield>
      <subfield code="d">2011-10-28</subfield>
      <subfield code="y">BK</subfield>
      <subfield code="p">15-41714</subfield>
      <subfield code="i">15-41714</subfield>
      <subfield code="g">65</subfield>
      <subfield code="o">305-055.2(828.8)</subfield>
      <subfield code="e">Donación</subfield>
      <subfield code="8">CG</subfield>
    </datafield>
    <datafield tag="952" ind1=" " ind2=" ">
      <subfield code="a">BIB_RECT</subfield>
      <subfield code="b">SAT_PDES</subfield>
      <subfield code="d">2012-05-08</subfield>
      <subfield code="y">BK</subfield>
      <subfield code="p">16-42451</subfield>
      <subfield code="i">16-42451</subfield>
      <subfield code="g">80</subfield>
      <subfield code="o">305-055.2(828.8)</subfield>
      <subfield code="e">Donación Sec. de Extensión Universit.</subfield>
      <subfield code="8">CG</subfield>
    </datafield>
    <datafield tag="952" ind1=" " ind2=" ">
      <subfield code="a">BIB_RECT</subfield>
      <subfield code="b">SAT_GREG</subfield>
      <subfield code="d">2011-10-28</subfield>
      <subfield code="y">BK</subfield>
      <subfield code="p">18-41701</subfield>
      <subfield code="i">18-41701</subfield>
      <subfield code="g">65</subfield>
      <subfield code="o">305-055.2(828.8)</subfield>
      <subfield code="e">Donación</subfield>
      <subfield code="8">CG</subfield>
    </datafield>
    <datafield tag="952" ind1=" " ind2=" ">
      <subfield code="a">BIB_RECT</subfield>
      <subfield code="b">SAT_GREG</subfield>
      <subfield code="d">2012-03-07</subfield>
      <subfield code="y">BK</subfield>
      <subfield code="p">18-42118</subfield>
      <subfield code="i">18-42118</subfield>
      <subfield code="g">65</subfield>
      <subfield code="o">305-055.2(828.8)</subfield>
      <subfield code="e">Extensión</subfield>
      <subfield code="8">CG</subfield>
    </datafield>
    <datafield tag="952" ind1=" " ind2=" ">
      <subfield code="a">BIB_RECT</subfield>
      <subfield code="b">SAT_GREG</subfield>
      <subfield code="d">2012-03-07</subfield>
      <subfield code="y">BK</subfield>
      <subfield code="p">18-42119</subfield>
      <subfield code="i">18-42119</subfield>
      <subfield code="g">65</subfield>
      <subfield code="o">305-055.2(828.8)</subfield>
      <subfield code="e">Extensión</subfield>
      <subfield code="8">CG</subfield>
    </datafield>
    <datafield tag="952" ind1=" " ind2=" ">
      <subfield code="a">BIB_RECT</subfield>
      <subfield code="b">BIB_UARG</subfield>
      <subfield code="d">2011-10-28</subfield>
      <subfield code="y">BK</subfield>
      <subfield code="p">19-41723</subfield>
      <subfield code="i">19-41723</subfield>
      <subfield code="g">65</subfield>
      <subfield code="o">305-055.2(828.8)</subfield>
      <subfield code="e">Donación</subfield>
      <subfield code="8">CG</subfield>
    </datafield>
  </record>