
  <record>
    <leader>01000aam  22002601a 4500</leader>
    <controlfield tag="001">YPZ94590</controlfield>
    <controlfield tag="003">YPZ</controlfield>
    <controlfield tag="005">201111081552130</controlfield>
    <controlfield tag="008">111108|###########||||||b||||||||||spa|d</controlfield>
    <datafield tag="020" ind1=" " ind2=" ">
      <subfield code="a">8437620732</subfield>
    </datafield>
    <datafield tag="040" ind1=" " ind2=" ">
      <subfield code="c">SIUNPA</subfield>
    </datafield>
    <datafield tag="041" ind1=" " ind2=" ">
      <subfield code="a">spa</subfield>
    </datafield>
    <datafield tag="044" ind1=" " ind2=" ">
      <subfield code="a">ES</subfield>
    </datafield>
    <datafield tag="080" ind1=" " ind2=" ">
      <subfield code="a">821.133.1 R114p</subfield>
    </datafield>
    <datafield tag="100" ind1=" " ind2=" ">
      <subfield code="a">Rabelais, François.</subfield>
    </datafield>
    <datafield tag="245" ind1=" " ind2=" ">
      <subfield code="a">Pantagruel</subfield>
      <subfield code="c"> / Yllera, Alicia, ed. y tr.</subfield>
    </datafield>
    <datafield tag="250" ind1=" " ind2=" ">
      <subfield code="a">2a ed. corr.</subfield>
    </datafield>
    <datafield tag="260" ind1=" " ind2=" ">
      <subfield code="a">Madrid</subfield>
      <subfield code="b"> : Cátedra</subfield>
      <subfield code="c"> , 2009</subfield>
    </datafield>
    <datafield tag="440" ind1=" " ind2=" ">
      <subfield code="a">Management. Conocimiento</subfield>
      <subfield code="a">Nueva carrera docente. Serie el abecé de...</subfield>
      <subfield code="a">Ciencia + docencia</subfield>
      <subfield code="a">Nueva carrera docente</subfield>
      <subfield code="a">Nueva carrera docente</subfield>
      <subfield code="a">Sección de obras de Historia</subfield>
      <subfield code="a">Colección de estudios patagónicos</subfield>
      <subfield code="a">Colección estudios sobre genocidio</subfield>
      <subfield code="a">Letras Universales</subfield>
      <subfield code="v">352</subfield>
    </datafield>
    <datafield tag="490" ind1=" " ind2=" ">
      <subfield code="a">Management. Conocimiento</subfield>
      <subfield code="a">Nueva carrera docente. Serie el abecé de...</subfield>
      <subfield code="a">Ciencia + docencia</subfield>
      <subfield code="a">Nueva carrera docente</subfield>
      <subfield code="a">Nueva carrera docente</subfield>
      <subfield code="a">Sección de obras de Historia</subfield>
      <subfield code="a">Colección de estudios patagónicos</subfield>
      <subfield code="a">Colección estudios sobre genocidio</subfield>
      <subfield code="a">Letras Universales</subfield>
      <subfield code="v">352</subfield>
    </datafield>
    <datafield tag="650" ind1=" " ind2=" ">
      <subfield code="a"> LITERATURA FRANCESA</subfield>
    </datafield>
    <datafield tag="650" ind1=" " ind2=" ">
      <subfield code="a"> CUENTO</subfield>
    </datafield>
    <datafield tag="942" ind1=" " ind2=" ">
      <subfield code="c">BK</subfield>
    </datafield>
    <datafield tag="952" ind1=" " ind2=" ">
      <subfield code="a">BIB_RECT</subfield>
      <subfield code="b">BIB_UARG</subfield>
      <subfield code="d">2011-11-04</subfield>
      <subfield code="y">BK</subfield>
      <subfield code="p">05-41788</subfield>
      <subfield code="i">05-41788</subfield>
      <subfield code="g">82</subfield>
      <subfield code="o">821.133.1 R114p</subfield>
      <subfield code="e">Compra SIUNPA</subfield>
      <subfield code="8">CG</subfield>
    </datafield>
    <datafield tag="952" ind1=" " ind2=" ">
      <subfield code="a">BIB_RECT</subfield>
      <subfield code="b">BIB_UARG</subfield>
      <subfield code="d">2011-11-04</subfield>
      <subfield code="y">BK</subfield>
      <subfield code="p">05-41789</subfield>
      <subfield code="i">05-41789</subfield>
      <subfield code="g">82</subfield>
      <subfield code="o">821.133.1 R114p</subfield>
      <subfield code="e">Compra SIUNPA</subfield>
      <subfield code="8">CG</subfield>
    </datafield>
    <datafield tag="952" ind1=" " ind2=" ">
      <subfield code="a">BIB_RECT</subfield>
      <subfield code="b">BIB_UARG</subfield>
      <subfield code="d">2011-11-04</subfield>
      <subfield code="y">BK</subfield>
      <subfield code="p">05-41790</subfield>
      <subfield code="i">05-41790</subfield>
      <subfield code="g">82</subfield>
      <subfield code="o">821.133.1 R114p</subfield>
      <subfield code="e">Compra SIUNPA</subfield>
      <subfield code="8">CG</subfield>
    </datafield>
  </record>