
  <record>
    <leader>01000aam  22002601a 4500</leader>
    <controlfield tag="001">YPZ94600</controlfield>
    <controlfield tag="003">YPZ</controlfield>
    <controlfield tag="005">201111101718500</controlfield>
    <controlfield tag="008">111110|###########||||||b||||||||||spa|d</controlfield>
    <datafield tag="020" ind1=" " ind2=" ">
      <subfield code="a">9789879350669</subfield>
    </datafield>
    <datafield tag="040" ind1=" " ind2=" ">
      <subfield code="c">SIUNPA</subfield>
    </datafield>
    <datafield tag="041" ind1=" " ind2=" ">
      <subfield code="a">spa</subfield>
    </datafield>
    <datafield tag="044" ind1=" " ind2=" ">
      <subfield code="a">AR</subfield>
    </datafield>
    <datafield tag="080" ind1=" " ind2=" ">
      <subfield code="a">305-055.2(82) L864m</subfield>
    </datafield>
    <datafield tag="100" ind1=" " ind2=" ">
      <subfield code="a">López, Elvira.</subfield>
    </datafield>
    <datafield tag="245" ind1=" " ind2=" ">
      <subfield code="a">El movimiento feminista</subfield>
      <subfield code="b"> : primeros trazos del feminismo en Argentina</subfield>
      <subfield code="c"> / Gago, Verónica, pról.</subfield>
    </datafield>
    <datafield tag="260" ind1=" " ind2=" ">
      <subfield code="a">Buenos Aires</subfield>
      <subfield code="b"> : Biblioteca Nacional</subfield>
      <subfield code="c"> , 2009</subfield>
    </datafield>
    <datafield tag="440" ind1=" " ind2=" ">
      <subfield code="a">Colección humanidades</subfield>
      <subfield code="a">Colección historia argentina</subfield>
      <subfield code="a">Colección cultura y sociedad</subfield>
      <subfield code="a">Colección nociones comunes</subfield>
      <subfield code="a">Colección reediciones y antologías</subfield>
      <subfield code="v">9</subfield>
    </datafield>
    <datafield tag="490" ind1=" " ind2=" ">
      <subfield code="a">Colección humanidades</subfield>
      <subfield code="a">Colección historia argentina</subfield>
      <subfield code="a">Colección cultura y sociedad</subfield>
      <subfield code="a">Colección nociones comunes</subfield>
      <subfield code="a">Colección reediciones y antologías</subfield>
      <subfield code="v">9</subfield>
    </datafield>
    <datafield tag="650" ind1=" " ind2=" ">
      <subfield code="a"> MUJERES</subfield>
    </datafield>
    <datafield tag="650" ind1=" " ind2=" ">
      <subfield code="a"> ESTUDIOS DE GENERO</subfield>
    </datafield>
    <datafield tag="650" ind1=" " ind2=" ">
      <subfield code="a"> FEMINISMO</subfield>
    </datafield>
    <datafield tag="650" ind1=" " ind2=" ">
      <subfield code="a"> ARGENTINA</subfield>
    </datafield>
    <datafield tag="942" ind1=" " ind2=" ">
      <subfield code="c">BK</subfield>
    </datafield>
    <datafield tag="952" ind1=" " ind2=" ">
      <subfield code="a">BIB_RECT</subfield>
      <subfield code="b">BIB_UARG</subfield>
      <subfield code="d">2011-11-09</subfield>
      <subfield code="y">BK</subfield>
      <subfield code="p">05-41801</subfield>
      <subfield code="i">05-41801</subfield>
      <subfield code="g">41</subfield>
      <subfield code="o">305-055.2(82) L864m</subfield>
      <subfield code="e">Compra SIUNPA</subfield>
      <subfield code="8">CG</subfield>
    </datafield>
  </record>