
  <record>
    <leader>01000aam  22002601a 4500</leader>
    <controlfield tag="001">YPZ94602</controlfield>
    <controlfield tag="003">YPZ</controlfield>
    <controlfield tag="005">201111141317350</controlfield>
    <controlfield tag="008">111114|###########||||||b||||||||||spa|d</controlfield>
    <datafield tag="020" ind1=" " ind2=" ">
      <subfield code="a">9789871104468</subfield>
    </datafield>
    <datafield tag="040" ind1=" " ind2=" ">
      <subfield code="c">SIUNPA</subfield>
    </datafield>
    <datafield tag="041" ind1=" " ind2=" ">
      <subfield code="a">spa</subfield>
    </datafield>
    <datafield tag="044" ind1=" " ind2=" ">
      <subfield code="a">AR</subfield>
    </datafield>
    <datafield tag="080" ind1=" " ind2=" ">
      <subfield code="a">004.42 P438a2</subfield>
    </datafield>
    <datafield tag="100" ind1=" " ind2=" ">
      <subfield code="a">Pérez Berro, Miriam.</subfield>
    </datafield>
    <datafield tag="700" ind1=" " ind2=" ">
      <subfield code="a">Pérez Berro, Cristina.</subfield>
    </datafield>
    <datafield tag="245" ind1=" " ind2=" ">
      <subfield code="a">Algoritmos y programación</subfield>
      <subfield code="b"> : diseño de algoritmos e implementación en Pascal</subfield>
    </datafield>
    <datafield tag="250" ind1=" " ind2=" ">
      <subfield code="a">2a ed.</subfield>
    </datafield>
    <datafield tag="260" ind1=" " ind2=" ">
      <subfield code="a">Buenos Aires</subfield>
      <subfield code="b"> : Nueva Librería</subfield>
      <subfield code="c"> , 2007</subfield>
    </datafield>
    <datafield tag="300" ind1=" " ind2=" ">
      <subfield code="a">128 p. : </subfield>
      <subfield code="b">il. ; </subfield>
      <subfield code="a">126 p. : </subfield>
      <subfield code="b">il. ; </subfield>
      <subfield code="a">141 p. : </subfield>
      <subfield code="b">il. ; </subfield>
      <subfield code="a">127 p. : </subfield>
      <subfield code="b">il. ; </subfield>
      <subfield code="a">126 p. : </subfield>
      <subfield code="b">il. ; </subfield>
      <subfield code="a">140 p. : </subfield>
      <subfield code="b">il. ; </subfield>
      <subfield code="a">110 p. : </subfield>
      <subfield code="b">il. ; </subfield>
      <subfield code="a">265 p. : </subfield>
      <subfield code="a">85 p. : </subfield>
      <subfield code="a">79 p. : </subfield>
      <subfield code="b">il. ; </subfield>
      <subfield code="a">78 p. : </subfield>
      <subfield code="b">il. ; </subfield>
      <subfield code="a">393 p. : </subfield>
      <subfield code="b">il. ; </subfield>
      <subfield code="a">345 p. : </subfield>
      <subfield code="a">277 p. : </subfield>
      <subfield code="b">il. ; </subfield>
      <subfield code="a">v. : </subfield>
      <subfield code="a">388 p. : </subfield>
      <subfield code="b">il. ; </subfield>
      <subfield code="a">87 p. : </subfield>
      <subfield code="b">il. ; </subfield>
      <subfield code="a">64 p. : </subfield>
      <subfield code="b">il. ; </subfield>
      <subfield code="a">84 p. : </subfield>
      <subfield code="b">il. ; </subfield>
      <subfield code="a">202, xxiv p. : </subfield>
      <subfield code="b">il. ; </subfield>
      <subfield code="a">169 p. : </subfield>
      <subfield code="a">195 p. : </subfield>
      <subfield code="a">195 p. : </subfield>
      <subfield code="a">271 p. : </subfield>
      <subfield code="a">160 p. : </subfield>
      <subfield code="b">il. ; </subfield>
      <subfield code="a">425 p. : </subfield>
      <subfield code="a">331 p. : </subfield>
      <subfield code="b">il. ; </subfield>
      <subfield code="a">128 p. : </subfield>
      <subfield code="a">97 p. : </subfield>
      <subfield code="a">351 p. : </subfield>
      <subfield code="a">347 p. : </subfield>
      <subfield code="a">357 p. : </subfield>
      <subfield code="a">535 p. : </subfield>
      <subfield code="a">161 p. : </subfield>
      <subfield code="a">300 p. : </subfield>
      <subfield code="a">vii, 353 p. : </subfield>
      <subfield code="b">il. ; </subfield>
      <subfield code="a">222 p. : </subfield>
      <subfield code="a">357 p. : </subfield>
      <subfield code="a">viii, 134 p. : </subfield>
      <subfield code="b">il. ; </subfield>
      <subfield code="a">79 p. : </subfield>
      <subfield code="b">il. ; </subfield>
      <subfield code="a">320 p. : </subfield>
      <subfield code="b">il. ; </subfield>
      <subfield code="a">2 v. : </subfield>
      <subfield code="b">il. ; </subfield>
      <subfield code="a">172 p. : </subfield>
      <subfield code="a">x, 359 p. : </subfield>
      <subfield code="b">il. ; </subfield>
      <subfield code="a">xiv, 603 p. : </subfield>
      <subfield code="a">xxii, 725 p. : </subfield>
      <subfield code="b">il. ; </subfield>
      <subfield code="a">vii, 351 p. : </subfield>
      <subfield code="b">il. ; </subfield>
      <subfield code="a">xiii, 327 p. : </subfield>
      <subfield code="b">il. ; </subfield>
      <subfield code="a">xxxix, 537 p. : </subfield>
      <subfield code="b">il. ; </subfield>
      <subfield code="a">xii, 611 p. : </subfield>
      <subfield code="b">il. ; </subfield>
      <subfield code="a">xvii, 140 p. : </subfield>
      <subfield code="b">il. ; </subfield>
      <subfield code="a">xvi, 601 p. : </subfield>
      <subfield code="b">il. ; </subfield>
      <subfield code="a">2 v. : </subfield>
      <subfield code="b">il. ; </subfield>
      <subfield code="a">v. : </subfield>
      <subfield code="b">il. ; </subfield>
      <subfield code="a">xxxiv, 877 p. : </subfield>
      <subfield code="b">il. ; </subfield>
      <subfield code="a">xiv, 378 p. : </subfield>
      <subfield code="b">il. ; </subfield>
      <subfield code="a">xix, 347 p. : </subfield>
      <subfield code="b">il. ; </subfield>
      <subfield code="a">viii, 385 p. : </subfield>
      <subfield code="b">il. ; </subfield>
      <subfield code="a">xv, 277 p. : </subfield>
      <subfield code="b">il. ; </subfield>
      <subfield code="a">307 p. : </subfield>
      <subfield code="b">il. ; </subfield>
      <subfield code="a">xiv, 247 p. : </subfield>
      <subfield code="b">il. ; </subfield>
      <subfield code="a">385 p. : </subfield>
      <subfield code="a">253 p. : </subfield>
      <subfield code="b">il. ; </subfield>
      <subfield code="a">133 p. : </subfield>
      <subfield code="b">il. ; </subfield>
      <subfield code="a">239 p. : </subfield>
      <subfield code="b">il. ; </subfield>
      <subfield code="a">376 p. : </subfield>
      <subfield code="b">il. ; </subfield>
      <subfield code="a">249 p. : </subfield>
      <subfield code="a">349 p. : </subfield>
      <subfield code="a">68 h. : </subfield>
      <subfield code="b">il. ; </subfield>
      <subfield code="a">94 p. : </subfield>
      <subfield code="b">il. ; </subfield>
      <subfield code="a">222 p. : </subfield>
      <subfield code="a">171 p. : </subfield>
      <subfield code="b">il. ; </subfield>
      <subfield code="a">282 p. : </subfield>
      <subfield code="a">416 p. : </subfield>
      <subfield code="b">il. ; </subfield>
      <subfield code="a">741 p. : </subfield>
      <subfield code="b">il. ; </subfield>
      <subfield code="a">159 p. : </subfield>
      <subfield code="b">il. ; </subfield>
      <subfield code="a">135 p. : </subfield>
      <subfield code="b">il. ; </subfield>
      <subfield code="a">125 p. : </subfield>
      <subfield code="b">il. ; </subfield>
      <subfield code="a">144 p. : </subfield>
      <subfield code="b">il. ; </subfield>
      <subfield code="a">xvi, 188 p. : </subfield>
      <subfield code="b">il. ; </subfield>
      <subfield code="a">ix, 840 p : </subfield>
      <subfield code="b">il. ; </subfield>
      <subfield code="a">lxxii, 748 p. : </subfield>
      <subfield code="b">il. ; </subfield>
      <subfield code="a">173 p. : </subfield>
      <subfield code="a">247 p. : </subfield>
      <subfield code="a">233 p. : </subfield>
      <subfield code="a">285 p. : </subfield>
      <subfield code="a">332 p. : </subfield>
      <subfield code="a">124 p. : </subfield>
      <subfield code="a">2 v. : </subfield>
      <subfield code="a">411 p. : </subfield>
      <subfield code="a">283 p. : </subfield>
      <subfield code="b">il. ; </subfield>
      <subfield code="a">221 p. : </subfield>
      <subfield code="a">274 p. : </subfield>
      <subfield code="b">il. ; </subfield>
      <subfield code="a">xii, 426 p. : </subfield>
      <subfield code="b">il. ; </subfield>
      <subfield code="a">359 p. : </subfield>
      <subfield code="a">137 p. : </subfield>
      <subfield code="a">273 p. : </subfield>
      <subfield code="a">317 p. : </subfield>
      <subfield code="a">xv, 474 p. : </subfield>
      <subfield code="b">il. ; </subfield>
      <subfield code="e">1 CD-ROM en bolsillo</subfield>
    </datafield>
    <datafield tag="500" ind1=" " ind2=" ">
      <subfield code="a">En cub.: Nueva edición con introducción a objetos</subfield>
    </datafield>
    <datafield tag="650" ind1=" " ind2=" ">
      <subfield code="a"> ALGORITMOS</subfield>
    </datafield>
    <datafield tag="650" ind1=" " ind2=" ">
      <subfield code="a"> PROGRAMACION DE COMPUTADORAS</subfield>
    </datafield>
    <datafield tag="650" ind1=" " ind2=" ">
      <subfield code="a"> ESTRUCTURA DE DATOS</subfield>
    </datafield>
    <datafield tag="650" ind1=" " ind2=" ">
      <subfield code="a"> LENGUAJE PASCAL</subfield>
    </datafield>
    <datafield tag="650" ind1=" " ind2=" ">
      <subfield code="a"> PROGRAMACION ORIENTADA A OBJETOS</subfield>
    </datafield>
    <datafield tag="942" ind1=" " ind2=" ">
      <subfield code="c">BK</subfield>
    </datafield>
    <datafield tag="952" ind1=" " ind2=" ">
      <subfield code="a">BIB_RECT</subfield>
      <subfield code="b">BIB_UACO</subfield>
      <subfield code="d">2011-11-14</subfield>
      <subfield code="y">BK</subfield>
      <subfield code="p">02-41765</subfield>
      <subfield code="i">02-41765</subfield>
      <subfield code="g">79</subfield>
      <subfield code="o">004.42 P438a2</subfield>
      <subfield code="e">SIUNPA</subfield>
      <subfield code="8">CG</subfield>
    </datafield>
  </record>