
  <record>
    <leader>01000aam  22002601a 4500</leader>
    <controlfield tag="001">YPZ94631</controlfield>
    <controlfield tag="003">YPZ</controlfield>
    <controlfield tag="005">201111291443440</controlfield>
    <controlfield tag="008">111129|###########||||||b||||||||||spa|d</controlfield>
    <datafield tag="022" ind1=" " ind2=" ">
      <subfield code="a">03297853</subfield>
    </datafield>
    <datafield tag="040" ind1=" " ind2=" ">
      <subfield code="c">SIUNPA</subfield>
    </datafield>
    <datafield tag="041" ind1=" " ind2=" ">
      <subfield code="a">spa</subfield>
    </datafield>
    <datafield tag="044" ind1=" " ind2=" ">
      <subfield code="a">AR</subfield>
    </datafield>
    <datafield tag="080" ind1=" " ind2=" ">
      <subfield code="a">372.878 A864a</subfield>
    </datafield>
    <datafield tag="100" ind1=" " ind2=" ">
      <subfield code="a">Capurro, Delia.</subfield>
    </datafield>
    <datafield tag="700" ind1=" " ind2=" ">
      <subfield code="a">Castro, María Cristina.</subfield>
    </datafield>
    <datafield tag="700" ind1=" " ind2=" ">
      <subfield code="a">Burba, Elizabeth.</subfield>
    </datafield>
    <datafield tag="700" ind1=" " ind2=" ">
      <subfield code="a">Regla, Inés.</subfield>
    </datafield>
    <datafield tag="700" ind1=" " ind2=" ">
      <subfield code="a">Velázquez, María Inés.</subfield>
    </datafield>
    <datafield tag="700" ind1=" " ind2=" ">
      <subfield code="a">Origlio, Fabrizio.</subfield>
    </datafield>
    <datafield tag="700" ind1=" " ind2=" ">
      <subfield code="a">Zaina, Alicia.</subfield>
    </datafield>
    <datafield tag="245" ind1=" " ind2=" ">
      <subfield code="a">Aprender a cantar y a escuchar</subfield>
    </datafield>
    <datafield tag="260" ind1=" " ind2=" ">
      <subfield code="a">Buenos Aires</subfield>
      <subfield code="b"> : Novedades Educativas</subfield>
      <subfield code="c"> , 2001</subfield>
    </datafield>
    <datafield tag="300" ind1=" " ind2=" ">
      <subfield code="a">215 p. : </subfield>
      <subfield code="a">666 p. : </subfield>
      <subfield code="a">92 p. : </subfield>
      <subfield code="b">il. ; </subfield>
      <subfield code="a">133 p. : </subfield>
      <subfield code="a">xii, 390 p. : </subfield>
      <subfield code="b">il. ; </subfield>
      <subfield code="a">91 p. : </subfield>
      <subfield code="a">125 p. : </subfield>
      <subfield code="a">135 p. : </subfield>
      <subfield code="b">il. ; </subfield>
      <subfield code="a">xxxv, 168 p. : </subfield>
      <subfield code="a">187 p. : </subfield>
      <subfield code="a">123 p. : </subfield>
      <subfield code="a">250 p. : </subfield>
      <subfield code="b">il. ; </subfield>
      <subfield code="a">xxv, [566] p. en varias paginaciones : </subfield>
      <subfield code="b">il. ; </subfield>
      <subfield code="a">158 p. : </subfield>
      <subfield code="b">il. ; </subfield>
      <subfield code="a">95 p. : </subfield>
      <subfield code="b">il. ; </subfield>
      <subfield code="a">92 p. : </subfield>
      <subfield code="b">il. ; </subfield>
      <subfield code="a">96 p. : </subfield>
      <subfield code="b">il. ; </subfield>
      <subfield code="a">93 p. : </subfield>
      <subfield code="b">il. ; </subfield>
      <subfield code="a">96 p. : </subfield>
      <subfield code="b">il. ; </subfield>
      <subfield code="a">92 p. : </subfield>
      <subfield code="b">il. ; </subfield>
      <subfield code="a">94 p. : </subfield>
      <subfield code="b">il. ; </subfield>
      <subfield code="a">92 p. : </subfield>
      <subfield code="b">il. ; </subfield>
      <subfield code="a">111 p. : </subfield>
      <subfield code="b">il. ; </subfield>
      <subfield code="a">77 p. : </subfield>
      <subfield code="b">il. ; </subfield>
      <subfield code="a">94 p. : </subfield>
      <subfield code="b">il. ; </subfield>
      <subfield code="a">92 p. : </subfield>
      <subfield code="b">il. ; </subfield>
      <subfield code="e">1 CD-ROM en bolsillo</subfield>
    </datafield>
    <datafield tag="440" ind1=" " ind2=" ">
      <subfield code="a">Colección 0 a 5. La educación en los primeros años</subfield>
      <subfield code="v">no. 37</subfield>
    </datafield>
    <datafield tag="490" ind1=" " ind2=" ">
      <subfield code="a">Colección 0 a 5. La educación en los primeros años</subfield>
      <subfield code="v">no. 37</subfield>
    </datafield>
    <datafield tag="650" ind1=" " ind2=" ">
      <subfield code="a"> EDUCACION MUSICAL</subfield>
    </datafield>
    <datafield tag="650" ind1=" " ind2=" ">
      <subfield code="a"> EDUCACION PREESCOLAR</subfield>
    </datafield>
    <datafield tag="650" ind1=" " ind2=" ">
      <subfield code="a"> METODOS DE ENSEÑANZA</subfield>
    </datafield>
    <datafield tag="650" ind1=" " ind2=" ">
      <subfield code="a"> ACTIVIDADES DE APRENDIZAJE</subfield>
    </datafield>
    <datafield tag="942" ind1=" " ind2=" ">
      <subfield code="c">BK</subfield>
    </datafield>
    <datafield tag="952" ind1=" " ind2=" ">
      <subfield code="a">BIB_RECT</subfield>
      <subfield code="b">BIB_UACO</subfield>
      <subfield code="d">2011-11-29</subfield>
      <subfield code="y">BK</subfield>
      <subfield code="p">02-41840</subfield>
      <subfield code="i">02-41840</subfield>
      <subfield code="g">25</subfield>
      <subfield code="o">372.878 A864a</subfield>
      <subfield code="e">SIUNPA</subfield>
      <subfield code="8">CG</subfield>
    </datafield>
  </record>