
  <record>
    <leader>01000aam  22002601a 4500</leader>
    <controlfield tag="001">YPZ94641</controlfield>
    <controlfield tag="003">YPZ</controlfield>
    <controlfield tag="005">201112021318270</controlfield>
    <controlfield tag="008">111202|###########||||||b||||||||||spa|d</controlfield>
    <datafield tag="020" ind1=" " ind2=" ">
      <subfield code="a">9789876092296</subfield>
    </datafield>
    <datafield tag="040" ind1=" " ind2=" ">
      <subfield code="c">SIUNPA</subfield>
    </datafield>
    <datafield tag="041" ind1=" " ind2=" ">
      <subfield code="a">spa</subfield>
    </datafield>
    <datafield tag="044" ind1=" " ind2=" ">
      <subfield code="a">ES</subfield>
    </datafield>
    <datafield tag="080" ind1=" " ind2=" ">
      <subfield code="a">82(4).09 N117c</subfield>
    </datafield>
    <datafield tag="100" ind1=" " ind2=" ">
      <subfield code="a">Nabokov, Vladimir.</subfield>
    </datafield>
    <datafield tag="245" ind1=" " ind2=" ">
      <subfield code="a">Curso de literatura europea</subfield>
      <subfield code="c"> / Torres Oliver, Francisco, tr.</subfield>
    </datafield>
    <datafield tag="250" ind1=" " ind2=" ">
      <subfield code="a">1a ed.</subfield>
    </datafield>
    <datafield tag="260" ind1=" " ind2=" ">
      <subfield code="a">Buenos Aires</subfield>
      <subfield code="b"> : Del Nuevo Extremo</subfield>
      <subfield code="b"> : RBA</subfield>
      <subfield code="c"> , 2010</subfield>
    </datafield>
    <datafield tag="650" ind1=" " ind2=" ">
      <subfield code="a"> LITERATURA EUROPEA</subfield>
    </datafield>
    <datafield tag="650" ind1=" " ind2=" ">
      <subfield code="a"> CRITICA LITERARIA</subfield>
    </datafield>
    <datafield tag="942" ind1=" " ind2=" ">
      <subfield code="c">BK</subfield>
    </datafield>
    <datafield tag="952" ind1=" " ind2=" ">
      <subfield code="a">BIB_RECT</subfield>
      <subfield code="b">BIB_UARG</subfield>
      <subfield code="d">2011-12-02</subfield>
      <subfield code="y">BK</subfield>
      <subfield code="p">05-41862</subfield>
      <subfield code="i">05-41862</subfield>
      <subfield code="g">169</subfield>
      <subfield code="o">82(4).09 N117c</subfield>
      <subfield code="e">Compra SIUNPA/11</subfield>
      <subfield code="8">CG</subfield>
    </datafield>
    <datafield tag="952" ind1=" " ind2=" ">
      <subfield code="a">BIB_RECT</subfield>
      <subfield code="b">BIB_UARG</subfield>
      <subfield code="d">2011-12-02</subfield>
      <subfield code="y">BK</subfield>
      <subfield code="p">05-41863</subfield>
      <subfield code="i">05-41863</subfield>
      <subfield code="g">169</subfield>
      <subfield code="o">82(4).09 N117c</subfield>
      <subfield code="e">Compra SIUNPA/11</subfield>
      <subfield code="8">CG</subfield>
    </datafield>
    <datafield tag="952" ind1=" " ind2=" ">
      <subfield code="a">BIB_RECT</subfield>
      <subfield code="b">BIB_UARG</subfield>
      <subfield code="d">2011-12-02</subfield>
      <subfield code="y">BK</subfield>
      <subfield code="p">05-41864</subfield>
      <subfield code="i">05-41864</subfield>
      <subfield code="g">169</subfield>
      <subfield code="o">82(4).09 N117c</subfield>
      <subfield code="e">Compra SIUNPA/11</subfield>
      <subfield code="8">CG</subfield>
    </datafield>
  </record>