
  <record>
    <leader>01000aam  22002601a 4500</leader>
    <controlfield tag="001">YPZ94642</controlfield>
    <controlfield tag="003">YPZ</controlfield>
    <controlfield tag="005">201112021321560</controlfield>
    <controlfield tag="008">111202|###########||||||b||||||||||spa|d</controlfield>
    <datafield tag="020" ind1=" " ind2=" ">
      <subfield code="a">987550534X</subfield>
    </datafield>
    <datafield tag="040" ind1=" " ind2=" ">
      <subfield code="c">SIUNPA</subfield>
    </datafield>
    <datafield tag="041" ind1=" " ind2=" ">
      <subfield code="a">spa</subfield>
    </datafield>
    <datafield tag="044" ind1=" " ind2=" ">
      <subfield code="a">AR</subfield>
    </datafield>
    <datafield tag="080" ind1=" " ind2=" ">
      <subfield code="a">821.133.1 B338c</subfield>
    </datafield>
    <datafield tag="100" ind1=" " ind2=" ">
      <subfield code="a">Baudelaire, Charles.</subfield>
    </datafield>
    <datafield tag="245" ind1=" " ind2=" ">
      <subfield code="a">Cuadernos de un disconforme</subfield>
      <subfield code="c"> / Stoppelman, Gabriela, pról. y recopilación ; Alarcón, Mario, tr.</subfield>
    </datafield>
    <datafield tag="260" ind1=" " ind2=" ">
      <subfield code="a">Buenos Aires</subfield>
      <subfield code="b"> : Longseller</subfield>
      <subfield code="c"> , 2004</subfield>
    </datafield>
    <datafield tag="440" ind1=" " ind2=" ">
      <subfield code="a">Clásicos de siempre. Reflexiones</subfield>
      <subfield code="v">8</subfield>
    </datafield>
    <datafield tag="490" ind1=" " ind2=" ">
      <subfield code="a">Clásicos de siempre. Reflexiones</subfield>
      <subfield code="v">8</subfield>
    </datafield>
    <datafield tag="650" ind1=" " ind2=" ">
      <subfield code="a"> LITERATURA FRANCESA</subfield>
    </datafield>
    <datafield tag="942" ind1=" " ind2=" ">
      <subfield code="c">BK</subfield>
    </datafield>
    <datafield tag="952" ind1=" " ind2=" ">
      <subfield code="a">BIB_RECT</subfield>
      <subfield code="b">BIB_UARG</subfield>
      <subfield code="d">2011-11-30</subfield>
      <subfield code="y">BK</subfield>
      <subfield code="p">05-41858</subfield>
      <subfield code="i">05-41858</subfield>
      <subfield code="g">30</subfield>
      <subfield code="o">821.133.1 B338c</subfield>
      <subfield code="e">Compra SIUNPA/11</subfield>
      <subfield code="8">CG</subfield>
    </datafield>
    <datafield tag="952" ind1=" " ind2=" ">
      <subfield code="a">BIB_RECT</subfield>
      <subfield code="b">BIB_UARG</subfield>
      <subfield code="d">2011-11-30</subfield>
      <subfield code="y">BK</subfield>
      <subfield code="p">05-41859</subfield>
      <subfield code="i">05-41859</subfield>
      <subfield code="g">30</subfield>
      <subfield code="o">821.133.1 B338c</subfield>
      <subfield code="e">Compra SIUNPA/11</subfield>
      <subfield code="8">CG</subfield>
    </datafield>
    <datafield tag="952" ind1=" " ind2=" ">
      <subfield code="a">BIB_RECT</subfield>
      <subfield code="b">BIB_UARG</subfield>
      <subfield code="d">2011-11-30</subfield>
      <subfield code="y">BK</subfield>
      <subfield code="p">05-41860</subfield>
      <subfield code="i">05-41860</subfield>
      <subfield code="g">30</subfield>
      <subfield code="o">821.133.1 B338c</subfield>
      <subfield code="e">Compra SIUNPA/11</subfield>
      <subfield code="8">CG</subfield>
    </datafield>
    <datafield tag="952" ind1=" " ind2=" ">
      <subfield code="a">BIB_RECT</subfield>
      <subfield code="b">BIB_UARG</subfield>
      <subfield code="d">2011-11-30</subfield>
      <subfield code="y">BK</subfield>
      <subfield code="p">05-41861</subfield>
      <subfield code="i">05-41861</subfield>
      <subfield code="g">30</subfield>
      <subfield code="o">821.133.1 B338c</subfield>
      <subfield code="e">Compra SIUNPA/11</subfield>
      <subfield code="8">CG</subfield>
    </datafield>
  </record>