
  <record>
    <leader>01000aam  22002601a 4500</leader>
    <controlfield tag="001">YPZ94643</controlfield>
    <controlfield tag="003">YPZ</controlfield>
    <controlfield tag="005">201112021330350</controlfield>
    <controlfield tag="008">111202|###########||||||b||||||||||spa|d</controlfield>
    <datafield tag="022" ind1=" " ind2=" ">
      <subfield code="a">9789872280475</subfield>
    </datafield>
    <datafield tag="040" ind1=" " ind2=" ">
      <subfield code="c">SIUNPA</subfield>
    </datafield>
    <datafield tag="041" ind1=" " ind2=" ">
      <subfield code="a">spa</subfield>
    </datafield>
    <datafield tag="044" ind1=" " ind2=" ">
      <subfield code="a">AR</subfield>
    </datafield>
    <datafield tag="080" ind1=" " ind2=" ">
      <subfield code="a">821.133.1 R121b</subfield>
    </datafield>
    <datafield tag="100" ind1=" " ind2=" ">
      <subfield code="a">Racine, Jean.</subfield>
    </datafield>
    <datafield tag="245" ind1=" " ind2=" ">
      <subfield code="a">Berenice</subfield>
      <subfield code="c"> / Romero, Walter, estudio prelim., tr. y notas</subfield>
    </datafield>
    <datafield tag="260" ind1=" " ind2=" ">
      <subfield code="a">Buenos Aires</subfield>
      <subfield code="b"> : Artes del Sur</subfield>
      <subfield code="c"> , 2007</subfield>
    </datafield>
    <datafield tag="650" ind1=" " ind2=" ">
      <subfield code="a"> LITERATURA FRANCESA</subfield>
    </datafield>
    <datafield tag="650" ind1=" " ind2=" ">
      <subfield code="a"> TEATRO FRANCES</subfield>
    </datafield>
    <datafield tag="942" ind1=" " ind2=" ">
      <subfield code="c">BK</subfield>
    </datafield>
    <datafield tag="952" ind1=" " ind2=" ">
      <subfield code="a">BIB_RECT</subfield>
      <subfield code="b">BIB_UARG</subfield>
      <subfield code="d">2011-12-02</subfield>
      <subfield code="y">BK</subfield>
      <subfield code="p">05-41872</subfield>
      <subfield code="i">05-41872</subfield>
      <subfield code="g">30</subfield>
      <subfield code="o">821.133.1 R121b</subfield>
      <subfield code="e">Compra SIUNPA/11</subfield>
      <subfield code="8">CG</subfield>
    </datafield>
    <datafield tag="952" ind1=" " ind2=" ">
      <subfield code="a">BIB_RECT</subfield>
      <subfield code="b">BIB_UARG</subfield>
      <subfield code="d">2011-12-02</subfield>
      <subfield code="y">BK</subfield>
      <subfield code="p">05-41874</subfield>
      <subfield code="i">05-41874</subfield>
      <subfield code="g">30</subfield>
      <subfield code="o">821.133.1 R121b</subfield>
      <subfield code="e">Compra SIUNPA/11</subfield>
      <subfield code="8">CG</subfield>
    </datafield>
    <datafield tag="952" ind1=" " ind2=" ">
      <subfield code="a">BIB_RECT</subfield>
      <subfield code="b">BIB_UARG</subfield>
      <subfield code="d">2011-12-02</subfield>
      <subfield code="y">BK</subfield>
      <subfield code="p">05-41875</subfield>
      <subfield code="i">05-41875</subfield>
      <subfield code="g">60</subfield>
      <subfield code="o">821.133.1 R121b</subfield>
      <subfield code="e">Compra SIUNPA/11</subfield>
      <subfield code="8">CG</subfield>
    </datafield>
    <datafield tag="952" ind1=" " ind2=" ">
      <subfield code="a">BIB_RECT</subfield>
      <subfield code="b">BIB_UARG</subfield>
      <subfield code="d">2011-12-02</subfield>
      <subfield code="y">BK</subfield>
      <subfield code="p">05-41876</subfield>
      <subfield code="i">05-41876</subfield>
      <subfield code="g">60</subfield>
      <subfield code="o">821.133.1 R121b</subfield>
      <subfield code="e">Compra SIUNPA/11</subfield>
      <subfield code="8">CG</subfield>
    </datafield>
  </record>