
  <record>
    <leader>01000aam  22002601a 4500</leader>
    <controlfield tag="001">YPZ94644</controlfield>
    <controlfield tag="003">YPZ</controlfield>
    <controlfield tag="005">201112021331460</controlfield>
    <controlfield tag="008">111202|###########||||||b||||||||||spa|d</controlfield>
    <datafield tag="020" ind1=" " ind2=" ">
      <subfield code="a">9879409531</subfield>
    </datafield>
    <datafield tag="040" ind1=" " ind2=" ">
      <subfield code="c">SIUNPA</subfield>
    </datafield>
    <datafield tag="041" ind1=" " ind2=" ">
      <subfield code="a">spa</subfield>
    </datafield>
    <datafield tag="044" ind1=" " ind2=" ">
      <subfield code="a">AR</subfield>
    </datafield>
    <datafield tag="080" ind1=" " ind2=" ">
      <subfield code="a">821.133.1 B338co</subfield>
    </datafield>
    <datafield tag="100" ind1=" " ind2=" ">
      <subfield code="a">Baudelaire, Charles.</subfield>
    </datafield>
    <datafield tag="245" ind1=" " ind2=" ">
      <subfield code="a">Correspondencia general</subfield>
      <subfield code="c"> / Cristófalo, Américo, selección, pról., tr. y notas ; Savino, Hugo, tr. y notas</subfield>
    </datafield>
    <datafield tag="250" ind1=" " ind2=" ">
      <subfield code="a">1a ed.</subfield>
    </datafield>
    <datafield tag="260" ind1=" " ind2=" ">
      <subfield code="a">Buenos Aires</subfield>
      <subfield code="b"> : Paradiso</subfield>
      <subfield code="c"> , 2005</subfield>
    </datafield>
    <datafield tag="650" ind1=" " ind2=" ">
      <subfield code="a"> LITERATURA FRANCESA</subfield>
    </datafield>
    <datafield tag="942" ind1=" " ind2=" ">
      <subfield code="c">BK</subfield>
    </datafield>
    <datafield tag="952" ind1=" " ind2=" ">
      <subfield code="a">BIB_RECT</subfield>
      <subfield code="b">BIB_UARG</subfield>
      <subfield code="d">2011-11-30</subfield>
      <subfield code="y">BK</subfield>
      <subfield code="p">05-41870</subfield>
      <subfield code="i">05-41870</subfield>
      <subfield code="g">65</subfield>
      <subfield code="o">821.133.1 B338co</subfield>
      <subfield code="e">Compra SIUNPA/11</subfield>
      <subfield code="8">CG</subfield>
    </datafield>
    <datafield tag="952" ind1=" " ind2=" ">
      <subfield code="a">BIB_RECT</subfield>
      <subfield code="b">BIB_UARG</subfield>
      <subfield code="d">2011-11-30</subfield>
      <subfield code="y">BK</subfield>
      <subfield code="p">05-41871</subfield>
      <subfield code="i">05-41871</subfield>
      <subfield code="g">65</subfield>
      <subfield code="o">821.133.1 B338co</subfield>
      <subfield code="e">Compra SIUNPA/11</subfield>
      <subfield code="8">CG</subfield>
    </datafield>
  </record>