
  <record>
    <leader>01000aam  22002601a 4500</leader>
    <controlfield tag="001">YPZ94655</controlfield>
    <controlfield tag="003">YPZ</controlfield>
    <controlfield tag="005">201112141425560</controlfield>
    <controlfield tag="008">111214|###########||||||b||||||||||spa|d</controlfield>
    <datafield tag="040" ind1=" " ind2=" ">
      <subfield code="c">SIUNPA</subfield>
    </datafield>
    <datafield tag="080" ind1=" " ind2=" ">
      <subfield code="a">F94(828.8) P427p</subfield>
    </datafield>
    <datafield tag="100" ind1=" " ind2=" ">
      <subfield code="a">Perazo, Malvina.</subfield>
    </datafield>
    <datafield tag="245" ind1=" " ind2=" ">
      <subfield code="a">Los problemas del territorio de Santa Cruz y la soberanía nacional a fines del siglo pasado</subfield>
    </datafield>
    <datafield tag="260" ind1=" " ind2=" ">
      <subfield code="a">[Río Gallegos]</subfield>
      <subfield code="c"> , [1984]</subfield>
    </datafield>
    <datafield tag="500" ind1=" " ind2=" ">
      <subfield code="a">Inédito</subfield>
    </datafield>
    <datafield tag="650" ind1=" " ind2=" ">
      <subfield code="a"> HISTORIA DE SANTA CRUZ</subfield>
    </datafield>
    <datafield tag="942" ind1=" " ind2=" ">
      <subfield code="c">BK</subfield>
    </datafield>
    <datafield tag="952" ind1=" " ind2=" ">
      <subfield code="a">BIB_RECT</subfield>
      <subfield code="b">BIB_UARG</subfield>
      <subfield code="d">2010-07-06</subfield>
      <subfield code="y">BK</subfield>
      <subfield code="p">05-15673</subfield>
      <subfield code="i">05-15673</subfield>
      <subfield code="g">0</subfield>
      <subfield code="o">F94(828.8) P427p</subfield>
      <subfield code="e">05-15673</subfield>
      <subfield code="8">CG</subfield>
    </datafield>
  </record>