
  <record>
    <leader>01000aam  22002601a 4500</leader>
    <controlfield tag="001">YPZ94662</controlfield>
    <controlfield tag="003">YPZ</controlfield>
    <controlfield tag="005">201112201156580</controlfield>
    <controlfield tag="008">111220|###########||||||b||||||||||spa|d</controlfield>
    <datafield tag="020" ind1=" " ind2=" ">
      <subfield code="a">9682300096 (o.c.)</subfield>
    </datafield>
    <datafield tag="020" ind1=" " ind2=" ">
      <subfield code="a">9682308666 (v.6)</subfield>
    </datafield>
    <datafield tag="040" ind1=" " ind2=" ">
      <subfield code="c">SIUNPA</subfield>
    </datafield>
    <datafield tag="041" ind1=" " ind2=" ">
      <subfield code="a">spa</subfield>
    </datafield>
    <datafield tag="044" ind1=" " ind2=" ">
      <subfield code="a">MX</subfield>
    </datafield>
    <datafield tag="080" ind1=" " ind2=" ">
      <subfield code="a">94(38) H474h10</subfield>
    </datafield>
    <datafield tag="245" ind1=" " ind2=" ">
      <subfield code="a">El helenismo y el auge de Roma</subfield>
      <subfield code="b"> : El mundo mediterráneo en la Edad Antigua, II</subfield>
      <subfield code="c"> / Grimal, Pierre, comp.</subfield>
    </datafield>
    <datafield tag="250" ind1=" " ind2=" ">
      <subfield code="a">10a ed. en español</subfield>
    </datafield>
    <datafield tag="260" ind1=" " ind2=" ">
      <subfield code="a">México, D.F.</subfield>
      <subfield code="b"> : Siglo XXI</subfield>
      <subfield code="c"> , 1986</subfield>
    </datafield>
    <datafield tag="440" ind1=" " ind2=" ">
      <subfield code="a">Serie Cla-De-Ma. Filosofía</subfield>
      <subfield code="a">Historia universal Siglo XXI</subfield>
      <subfield code="v">v. 6</subfield>
    </datafield>
    <datafield tag="490" ind1=" " ind2=" ">
      <subfield code="a">Serie Cla-De-Ma. Filosofía</subfield>
      <subfield code="a">Historia universal Siglo XXI</subfield>
      <subfield code="v">v. 6</subfield>
    </datafield>
    <datafield tag="650" ind1=" " ind2=" ">
      <subfield code="a"> HISTORIA DE ROMA  HISTORIA DE GRECIA</subfield>
    </datafield>
    <datafield tag="650" ind1=" " ind2=" ">
      <subfield code="a"> HISTORIA ANTIGUA</subfield>
    </datafield>
    <datafield tag="942" ind1=" " ind2=" ">
      <subfield code="c">BK</subfield>
    </datafield>
    <datafield tag="952" ind1=" " ind2=" ">
      <subfield code="a">BIB_RECT</subfield>
      <subfield code="b">BIB_UARG</subfield>
      <subfield code="d">2011-12-20</subfield>
      <subfield code="y">BK</subfield>
      <subfield code="p">05-07115</subfield>
      <subfield code="i">05-07115</subfield>
      <subfield code="g">60</subfield>
      <subfield code="o">94(38) H474h10</subfield>
      <subfield code="e">MigracionUARG</subfield>
      <subfield code="8">CG</subfield>
    </datafield>
  </record>