
  <record>
    <leader>01000aam  22002601a 4500</leader>
    <controlfield tag="001">YPZ94669</controlfield>
    <controlfield tag="003">YPZ</controlfield>
    <controlfield tag="005">201202061457470</controlfield>
    <controlfield tag="008">120206|###########||||||b||||||||||spa|d</controlfield>
    <datafield tag="020" ind1=" " ind2=" ">
      <subfield code="a">9871155115</subfield>
    </datafield>
    <datafield tag="040" ind1=" " ind2=" ">
      <subfield code="c">SIUNPA</subfield>
    </datafield>
    <datafield tag="041" ind1=" " ind2=" ">
      <subfield code="a">spa</subfield>
    </datafield>
    <datafield tag="044" ind1=" " ind2=" ">
      <subfield code="a">AR</subfield>
    </datafield>
    <datafield tag="080" ind1=" " ind2=" ">
      <subfield code="a">821.133.1 T253t</subfield>
    </datafield>
    <datafield tag="245" ind1=" " ind2=" ">
      <subfield code="a">Teatro francés hoy (uno)</subfield>
      <subfield code="b"> : tintas frescas en Buenos Aires</subfield>
      <subfield code="c"> / Dubatti, Jorge, pról. y ed.</subfield>
    </datafield>
    <datafield tag="260" ind1=" " ind2=" ">
      <subfield code="a">Buenos Aires</subfield>
      <subfield code="b"> : Atuel</subfield>
      <subfield code="c"> , 2004</subfield>
    </datafield>
    <datafield tag="505" ind1=" " ind2=" ">
      <subfield code="a">Contenido: Chroniques / Durringer, Xavier (p.13-69) - Ma vie de chandelle / Melquiot, Fabrice (p.71-128) - Inventaries / Minyana, Philippe (p.129-162) - L'inquiétude / Novarina, Valère (p.163-187)</subfield>
    </datafield>
    <datafield tag="650" ind1=" " ind2=" ">
      <subfield code="a"> LITERATURA FRANCESA</subfield>
    </datafield>
    <datafield tag="650" ind1=" " ind2=" ">
      <subfield code="a"> TEATRO FRANCES</subfield>
    </datafield>
    <datafield tag="942" ind1=" " ind2=" ">
      <subfield code="c">BK</subfield>
    </datafield>
    <datafield tag="952" ind1=" " ind2=" ">
      <subfield code="a">BIB_RECT</subfield>
      <subfield code="b">BIB_UARG</subfield>
      <subfield code="d">2012-02-06</subfield>
      <subfield code="y">BK</subfield>
      <subfield code="p">05-41911</subfield>
      <subfield code="i">05-41911</subfield>
      <subfield code="g">100</subfield>
      <subfield code="o">821.133.1 T253t</subfield>
      <subfield code="e">Compra SIUNPA</subfield>
      <subfield code="8">CG</subfield>
    </datafield>
    <datafield tag="952" ind1=" " ind2=" ">
      <subfield code="a">BIB_RECT</subfield>
      <subfield code="b">BIB_UARG</subfield>
      <subfield code="d">2012-02-06</subfield>
      <subfield code="y">BK</subfield>
      <subfield code="p">05-41912</subfield>
      <subfield code="i">05-41912</subfield>
      <subfield code="g">100</subfield>
      <subfield code="o">821.133.1 T253t</subfield>
      <subfield code="e">Compra SIUNPA</subfield>
      <subfield code="8">CG</subfield>
    </datafield>
    <datafield tag="952" ind1=" " ind2=" ">
      <subfield code="a">BIB_RECT</subfield>
      <subfield code="b">BIB_UARG</subfield>
      <subfield code="d">2012-02-06</subfield>
      <subfield code="y">BK</subfield>
      <subfield code="p">05-41913</subfield>
      <subfield code="i">05-41913</subfield>
      <subfield code="g">100</subfield>
      <subfield code="o">821.133.1 T253t</subfield>
      <subfield code="e">Compra SIUNPA</subfield>
      <subfield code="8">CG</subfield>
    </datafield>
    <datafield tag="952" ind1=" " ind2=" ">
      <subfield code="a">BIB_RECT</subfield>
      <subfield code="b">BIB_UARG</subfield>
      <subfield code="d">2012-02-06</subfield>
      <subfield code="y">BK</subfield>
      <subfield code="p">05-41914</subfield>
      <subfield code="i">05-41914</subfield>
      <subfield code="g">100</subfield>
      <subfield code="o">821.133.1 T253t</subfield>
      <subfield code="e">Compra SIUNPA</subfield>
      <subfield code="8">CG</subfield>
    </datafield>
  </record>