
  <record>
    <leader>01000aam  22002601a 4500</leader>
    <controlfield tag="001">YPZ94673</controlfield>
    <controlfield tag="003">YPZ</controlfield>
    <controlfield tag="005">201202091523290</controlfield>
    <controlfield tag="008">120209|###########||||||b||||||||||spa|d</controlfield>
    <datafield tag="020" ind1=" " ind2=" ">
      <subfield code="a">9875505722</subfield>
    </datafield>
    <datafield tag="040" ind1=" " ind2=" ">
      <subfield code="c">SIUNPA</subfield>
    </datafield>
    <datafield tag="041" ind1=" " ind2=" ">
      <subfield code="a">spa</subfield>
    </datafield>
    <datafield tag="044" ind1=" " ind2=" ">
      <subfield code="a">AR</subfield>
    </datafield>
    <datafield tag="080" ind1=" " ind2=" ">
      <subfield code="a">821.133.1 R575u</subfield>
    </datafield>
    <datafield tag="100" ind1=" " ind2=" ">
      <subfield code="a">Rimbaud, Arthur.</subfield>
    </datafield>
    <datafield tag="245" ind1=" " ind2=" ">
      <subfield code="a">Una temporada en el infierno</subfield>
      <subfield code="c"> / Dilon, Ariel, pról. ; Tulián, Antonio, tr.</subfield>
    </datafield>
    <datafield tag="260" ind1=" " ind2=" ">
      <subfield code="a">Buenos Aires</subfield>
      <subfield code="b"> : Longseller</subfield>
      <subfield code="c"> , 2005</subfield>
    </datafield>
    <datafield tag="440" ind1=" " ind2=" ">
      <subfield code="a">Colección respuestas educativas</subfield>
      <subfield code="a">Teatro / Atuel</subfield>
      <subfield code="a">Colección respuestas</subfield>
      <subfield code="a">Colección bitácora argentina. Serie Historia</subfield>
      <subfield code="a">Clásicos de siempre. Poesía</subfield>
      <subfield code="v">2</subfield>
    </datafield>
    <datafield tag="490" ind1=" " ind2=" ">
      <subfield code="a">Colección respuestas educativas</subfield>
      <subfield code="a">Teatro / Atuel</subfield>
      <subfield code="a">Colección respuestas</subfield>
      <subfield code="a">Colección bitácora argentina. Serie Historia</subfield>
      <subfield code="a">Clásicos de siempre. Poesía</subfield>
      <subfield code="v">2</subfield>
    </datafield>
    <datafield tag="500" ind1=" " ind2=" ">
      <subfield code="a">Versiones completas</subfield>
    </datafield>
    <datafield tag="505" ind1=" " ind2=" ">
      <subfield code="a">Con: Iluminaciones desde (p. 93-172)</subfield>
    </datafield>
    <datafield tag="650" ind1=" " ind2=" ">
      <subfield code="a"> LITERATURA FRANCESA</subfield>
    </datafield>
    <datafield tag="650" ind1=" " ind2=" ">
      <subfield code="a"> POESIA</subfield>
    </datafield>
    <datafield tag="942" ind1=" " ind2=" ">
      <subfield code="c">BK</subfield>
    </datafield>
    <datafield tag="952" ind1=" " ind2=" ">
      <subfield code="a">BIB_RECT</subfield>
      <subfield code="b">BIB_UARG</subfield>
      <subfield code="d">2012-02-09</subfield>
      <subfield code="y">BK</subfield>
      <subfield code="p">05-41898</subfield>
      <subfield code="i">05-41898</subfield>
      <subfield code="g">26</subfield>
      <subfield code="o">821.133.1 R575u</subfield>
      <subfield code="e">Compra SIUNPA</subfield>
      <subfield code="8">CG</subfield>
    </datafield>
    <datafield tag="952" ind1=" " ind2=" ">
      <subfield code="a">BIB_RECT</subfield>
      <subfield code="b">BIB_UARG</subfield>
      <subfield code="d">2012-02-09</subfield>
      <subfield code="y">BK</subfield>
      <subfield code="p">05-41899</subfield>
      <subfield code="i">05-41899</subfield>
      <subfield code="g">26</subfield>
      <subfield code="o">821.133.1 R575u</subfield>
      <subfield code="e">Compra SIUNPA</subfield>
      <subfield code="8">CG</subfield>
    </datafield>
    <datafield tag="952" ind1=" " ind2=" ">
      <subfield code="a">BIB_RECT</subfield>
      <subfield code="b">BIB_UARG</subfield>
      <subfield code="d">2012-02-09</subfield>
      <subfield code="y">BK</subfield>
      <subfield code="p">05-41900</subfield>
      <subfield code="i">05-41900</subfield>
      <subfield code="g">26</subfield>
      <subfield code="o">821.133.1 R575u</subfield>
      <subfield code="e">Compra SIUNPA</subfield>
      <subfield code="8">CG</subfield>
    </datafield>
    <datafield tag="952" ind1=" " ind2=" ">
      <subfield code="a">BIB_RECT</subfield>
      <subfield code="b">BIB_UARG</subfield>
      <subfield code="d">2012-02-09</subfield>
      <subfield code="y">BK</subfield>
      <subfield code="p">05-41901</subfield>
      <subfield code="i">05-41901</subfield>
      <subfield code="g">26</subfield>
      <subfield code="o">821.133.1 R575u</subfield>
      <subfield code="e">Compra SIUNPA</subfield>
      <subfield code="8">CG</subfield>
    </datafield>
  </record>