
  <record>
    <leader>01000aam  22002601a 4500</leader>
    <controlfield tag="001">YPZ94682</controlfield>
    <controlfield tag="003">YPZ</controlfield>
    <controlfield tag="005">201202101620110</controlfield>
    <controlfield tag="008">120210|###########||||||b||||||||||spa|d</controlfield>
    <datafield tag="020" ind1=" " ind2=" ">
      <subfield code="a">9788433967305</subfield>
    </datafield>
    <datafield tag="040" ind1=" " ind2=" ">
      <subfield code="c">SIUNPA</subfield>
    </datafield>
    <datafield tag="041" ind1=" " ind2=" ">
      <subfield code="a">spa</subfield>
    </datafield>
    <datafield tag="044" ind1=" " ind2=" ">
      <subfield code="a">ES</subfield>
    </datafield>
    <datafield tag="080" ind1=" " ind2=" ">
      <subfield code="a">821.133.1 H837pa</subfield>
    </datafield>
    <datafield tag="100" ind1=" " ind2=" ">
      <subfield code="a">Houellebecq, Michel.</subfield>
    </datafield>
    <datafield tag="245" ind1=" " ind2=" ">
      <subfield code="a">Las partículas elementales</subfield>
      <subfield code="c"> / Castejón, Encarna, tr.</subfield>
    </datafield>
    <datafield tag="250" ind1=" " ind2=" ">
      <subfield code="a">15 ed.</subfield>
    </datafield>
    <datafield tag="260" ind1=" " ind2=" ">
      <subfield code="a">Barcelona</subfield>
      <subfield code="b"> : Anagrama</subfield>
      <subfield code="c"> , 2011</subfield>
    </datafield>
    <datafield tag="440" ind1=" " ind2=" ">
      <subfield code="a">Colección idea universitaria. Historia</subfield>
      <subfield code="a">Colección convergencia. Entre memoria y sociedad</subfield>
      <subfield code="a">Colección docencia. Serie ¿Qué pensamos sobre...?</subfield>
      <subfield code="a">Ariel Geografía</subfield>
      <subfield code="a">Historia / Biblos</subfield>
      <subfield code="a">Colección itinerarios</subfield>
      <subfield code="a">Colección compactos</subfield>
      <subfield code="v">299</subfield>
    </datafield>
    <datafield tag="490" ind1=" " ind2=" ">
      <subfield code="a">Colección idea universitaria. Historia</subfield>
      <subfield code="a">Colección convergencia. Entre memoria y sociedad</subfield>
      <subfield code="a">Colección docencia. Serie ¿Qué pensamos sobre...?</subfield>
      <subfield code="a">Ariel Geografía</subfield>
      <subfield code="a">Historia / Biblos</subfield>
      <subfield code="a">Colección itinerarios</subfield>
      <subfield code="a">Colección compactos</subfield>
      <subfield code="v">299</subfield>
    </datafield>
    <datafield tag="650" ind1=" " ind2=" ">
      <subfield code="a"> LITERATURA FRANCESA</subfield>
    </datafield>
    <datafield tag="650" ind1=" " ind2=" ">
      <subfield code="a"> NOVELA</subfield>
    </datafield>
    <datafield tag="942" ind1=" " ind2=" ">
      <subfield code="c">BK</subfield>
    </datafield>
    <datafield tag="952" ind1=" " ind2=" ">
      <subfield code="a">BIB_RECT</subfield>
      <subfield code="b">BIB_UARG</subfield>
      <subfield code="d">2012-02-10</subfield>
      <subfield code="y">BK</subfield>
      <subfield code="p">05-41947</subfield>
      <subfield code="i">05-41947</subfield>
      <subfield code="g">80</subfield>
      <subfield code="o">821.133.1 H837pa</subfield>
      <subfield code="e">Compra SIUNPA</subfield>
      <subfield code="8">CG</subfield>
    </datafield>
    <datafield tag="952" ind1=" " ind2=" ">
      <subfield code="a">BIB_RECT</subfield>
      <subfield code="b">BIB_UARG</subfield>
      <subfield code="d">2012-02-10</subfield>
      <subfield code="y">BK</subfield>
      <subfield code="p">05-41948</subfield>
      <subfield code="i">05-41948</subfield>
      <subfield code="g">80</subfield>
      <subfield code="o">821.133.1 H837pa</subfield>
      <subfield code="e">Compra SIUNPA</subfield>
      <subfield code="8">CG</subfield>
    </datafield>
    <datafield tag="952" ind1=" " ind2=" ">
      <subfield code="a">BIB_RECT</subfield>
      <subfield code="b">BIB_UARG</subfield>
      <subfield code="d">2012-02-10</subfield>
      <subfield code="y">BK</subfield>
      <subfield code="p">05-41949</subfield>
      <subfield code="i">05-41949</subfield>
      <subfield code="g">80</subfield>
      <subfield code="o">821.133.1 H837pa</subfield>
      <subfield code="e">Compra SIUNPA</subfield>
      <subfield code="8">CG</subfield>
    </datafield>
    <datafield tag="952" ind1=" " ind2=" ">
      <subfield code="a">BIB_RECT</subfield>
      <subfield code="b">BIB_UARG</subfield>
      <subfield code="d">2012-02-10</subfield>
      <subfield code="y">BK</subfield>
      <subfield code="p">05-41950</subfield>
      <subfield code="i">05-41950</subfield>
      <subfield code="g">80</subfield>
      <subfield code="o">821.133.1 H837pa</subfield>
      <subfield code="e">Compra SIUNPA</subfield>
      <subfield code="8">CG</subfield>
    </datafield>
    <datafield tag="952" ind1=" " ind2=" ">
      <subfield code="a">BIB_RECT</subfield>
      <subfield code="b">BIB_UARG</subfield>
      <subfield code="d">2012-02-10</subfield>
      <subfield code="y">BK</subfield>
      <subfield code="p">05-41951</subfield>
      <subfield code="i">05-41951</subfield>
      <subfield code="g">80</subfield>
      <subfield code="o">821.133.1 H837pa</subfield>
      <subfield code="e">Compra SIUNPA</subfield>
      <subfield code="8">CG</subfield>
    </datafield>
  </record>