
  <record>
    <leader>01000aam  22002601a 4500</leader>
    <controlfield tag="001">YPZ94694</controlfield>
    <controlfield tag="003">YPZ</controlfield>
    <controlfield tag="005">201202141758020</controlfield>
    <controlfield tag="008">120214|###########||||||b||||||||||spa|d</controlfield>
    <datafield tag="020" ind1=" " ind2=" ">
      <subfield code="a">9789871155378</subfield>
    </datafield>
    <datafield tag="040" ind1=" " ind2=" ">
      <subfield code="c">SIUNPA</subfield>
    </datafield>
    <datafield tag="041" ind1=" " ind2=" ">
      <subfield code="a">spa</subfield>
    </datafield>
    <datafield tag="044" ind1=" " ind2=" ">
      <subfield code="a">AR</subfield>
    </datafield>
    <datafield tag="080" ind1=" " ind2=" ">
      <subfield code="a">821.133.1 M989l</subfield>
    </datafield>
    <datafield tag="100" ind1=" " ind2=" ">
      <subfield code="a">Musset, Alfred de.</subfield>
    </datafield>
    <datafield tag="245" ind1=" " ind2=" ">
      <subfield code="a">Lorenzaccio</subfield>
      <subfield code="c"> / Dubatti, Jorge, tr., estudio prelim. y notas ; Sormani, Nora Lía, tr.</subfield>
    </datafield>
    <datafield tag="260" ind1=" " ind2=" ">
      <subfield code="a">Buenos Aires</subfield>
      <subfield code="b"> : Atuel</subfield>
      <subfield code="c"> , 2006</subfield>
    </datafield>
    <datafield tag="500" ind1=" " ind2=" ">
      <subfield code="a">Tít. de partida: Teatro I</subfield>
    </datafield>
    <datafield tag="650" ind1=" " ind2=" ">
      <subfield code="a"> LITERATURA FRANCESA</subfield>
    </datafield>
    <datafield tag="650" ind1=" " ind2=" ">
      <subfield code="a"> TEATRO FRANCES</subfield>
    </datafield>
    <datafield tag="942" ind1=" " ind2=" ">
      <subfield code="c">BK</subfield>
    </datafield>
    <datafield tag="952" ind1=" " ind2=" ">
      <subfield code="a">BIB_RECT</subfield>
      <subfield code="b">BIB_UARG</subfield>
      <subfield code="d">2012-02-14</subfield>
      <subfield code="y">BK</subfield>
      <subfield code="p">05-41979</subfield>
      <subfield code="i">05-41979</subfield>
      <subfield code="g">36.5</subfield>
      <subfield code="o">821.133.1 M989l</subfield>
      <subfield code="e">Compra SIUNPA</subfield>
      <subfield code="8">CG</subfield>
    </datafield>
    <datafield tag="952" ind1=" " ind2=" ">
      <subfield code="a">BIB_RECT</subfield>
      <subfield code="b">BIB_UARG</subfield>
      <subfield code="d">2012-02-14</subfield>
      <subfield code="y">BK</subfield>
      <subfield code="p">05-41980</subfield>
      <subfield code="i">05-41980</subfield>
      <subfield code="g">36.5</subfield>
      <subfield code="o">821.133.1 M989l</subfield>
      <subfield code="e">Compra SIUNPA</subfield>
      <subfield code="8">CG</subfield>
    </datafield>
    <datafield tag="952" ind1=" " ind2=" ">
      <subfield code="a">BIB_RECT</subfield>
      <subfield code="b">BIB_UARG</subfield>
      <subfield code="d">2012-02-14</subfield>
      <subfield code="y">BK</subfield>
      <subfield code="p">05-41981</subfield>
      <subfield code="i">05-41981</subfield>
      <subfield code="g">36.5</subfield>
      <subfield code="o">821.133.1 M989l</subfield>
      <subfield code="e">Compra SIUNPA</subfield>
      <subfield code="8">CG</subfield>
    </datafield>
    <datafield tag="952" ind1=" " ind2=" ">
      <subfield code="a">BIB_RECT</subfield>
      <subfield code="b">BIB_UARG</subfield>
      <subfield code="d">2012-02-14</subfield>
      <subfield code="y">BK</subfield>
      <subfield code="p">05-41982</subfield>
      <subfield code="i">05-41982</subfield>
      <subfield code="g">36.5</subfield>
      <subfield code="o">821.133.1 M989l</subfield>
      <subfield code="e">Compra SIUNPA</subfield>
      <subfield code="8">CG</subfield>
    </datafield>
  </record>