
  <record>
    <leader>01000aam  22002601a 4500</leader>
    <controlfield tag="001">YPZ94697</controlfield>
    <controlfield tag="003">YPZ</controlfield>
    <controlfield tag="005">201202141921170</controlfield>
    <controlfield tag="008">120214|###########||||||b||||||||||spa|d</controlfield>
    <datafield tag="020" ind1=" " ind2=" ">
      <subfield code="a">9789872460211</subfield>
    </datafield>
    <datafield tag="040" ind1=" " ind2=" ">
      <subfield code="c">SIUNPA</subfield>
    </datafield>
    <datafield tag="041" ind1=" " ind2=" ">
      <subfield code="a">spa</subfield>
    </datafield>
    <datafield tag="044" ind1=" " ind2=" ">
      <subfield code="a">AR</subfield>
    </datafield>
    <datafield tag="080" ind1=" " ind2=" ">
      <subfield code="a">81'42 D611disc</subfield>
    </datafield>
    <datafield tag="100" ind1=" " ind2=" ">
      <subfield code="a">García Negroni, María Marta.</subfield>
    </datafield>
    <datafield tag="700" ind1=" " ind2=" ">
      <subfield code="a">Hall, Beatriz.</subfield>
    </datafield>
    <datafield tag="700" ind1=" " ind2=" ">
      <subfield code="a">Marin, Marta.</subfield>
    </datafield>
    <datafield tag="700" ind1=" " ind2=" ">
      <subfield code="a">Ramírez Gelbes, Silvia.</subfield>
    </datafield>
    <datafield tag="700" ind1=" " ind2=" ">
      <subfield code="a">Tosi, Carolina.</subfield>
    </datafield>
    <datafield tag="245" ind1=" " ind2=" ">
      <subfield code="a">Los discursos del saber</subfield>
      <subfield code="b"> : prácticas discursivas y enunciación académica</subfield>
      <subfield code="c"> / García Negroni, María Marta, coordinadora</subfield>
    </datafield>
    <datafield tag="250" ind1=" " ind2=" ">
      <subfield code="a">1a ed.</subfield>
    </datafield>
    <datafield tag="260" ind1=" " ind2=" ">
      <subfield code="a">Buenos Aires</subfield>
      <subfield code="b"> : Editoras del Calderón</subfield>
      <subfield code="c"> , 2011</subfield>
    </datafield>
    <datafield tag="650" ind1=" " ind2=" ">
      <subfield code="a"> LINGÜISTICA</subfield>
    </datafield>
    <datafield tag="650" ind1=" " ind2=" ">
      <subfield code="a"> ANALISIS DEL DISCURSO</subfield>
    </datafield>
    <datafield tag="650" ind1=" " ind2=" ">
      <subfield code="a"> GRAMATICA DEL DISCURSO</subfield>
    </datafield>
    <datafield tag="650" ind1=" " ind2=" ">
      <subfield code="a"> LENGUAJE</subfield>
    </datafield>
    <datafield tag="942" ind1=" " ind2=" ">
      <subfield code="c">BK</subfield>
    </datafield>
    <datafield tag="952" ind1=" " ind2=" ">
      <subfield code="a">BIB_RECT</subfield>
      <subfield code="b">BIB_UARG</subfield>
      <subfield code="d">2012-02-13</subfield>
      <subfield code="y">BK</subfield>
      <subfield code="p">05-41962</subfield>
      <subfield code="i">05-41962</subfield>
      <subfield code="g">65</subfield>
      <subfield code="o">81'42 D611disc</subfield>
      <subfield code="e">Compra SIUNPA</subfield>
      <subfield code="8">CG</subfield>
    </datafield>
    <datafield tag="952" ind1=" " ind2=" ">
      <subfield code="a">BIB_RECT</subfield>
      <subfield code="b">BIB_UARG</subfield>
      <subfield code="d">2012-02-13</subfield>
      <subfield code="y">BK</subfield>
      <subfield code="p">05-41963</subfield>
      <subfield code="i">05-41963</subfield>
      <subfield code="g">65</subfield>
      <subfield code="o">81'42 D611disc</subfield>
      <subfield code="e">Compra SIUNPA</subfield>
      <subfield code="8">CG</subfield>
    </datafield>
    <datafield tag="952" ind1=" " ind2=" ">
      <subfield code="a">BIB_RECT</subfield>
      <subfield code="b">BIB_UARG</subfield>
      <subfield code="d">2012-02-13</subfield>
      <subfield code="y">BK</subfield>
      <subfield code="p">05-41964</subfield>
      <subfield code="i">05-41964</subfield>
      <subfield code="g">65</subfield>
      <subfield code="o">81'42 D611disc</subfield>
      <subfield code="e">Compra SIUNPA</subfield>
      <subfield code="8">CG</subfield>
    </datafield>
    <datafield tag="952" ind1=" " ind2=" ">
      <subfield code="a">BIB_RECT</subfield>
      <subfield code="b">BIB_UARG</subfield>
      <subfield code="d">2012-02-13</subfield>
      <subfield code="y">BK</subfield>
      <subfield code="p">05-41965</subfield>
      <subfield code="i">05-41965</subfield>
      <subfield code="g">65</subfield>
      <subfield code="o">81'42 D611disc</subfield>
      <subfield code="e">Compra SIUNPA</subfield>
      <subfield code="8">CG</subfield>
    </datafield>
    <datafield tag="952" ind1=" " ind2=" ">
      <subfield code="a">BIB_RECT</subfield>
      <subfield code="b">BIB_UARG</subfield>
      <subfield code="d">2012-02-13</subfield>
      <subfield code="y">BK</subfield>
      <subfield code="p">05-41966</subfield>
      <subfield code="i">05-41966</subfield>
      <subfield code="g">65</subfield>
      <subfield code="o">81'42 D611disc</subfield>
      <subfield code="e">Compra SIUNPA</subfield>
      <subfield code="8">CG</subfield>
    </datafield>
  </record>