
  <record>
    <leader>01000aam  22002601a 4500</leader>
    <controlfield tag="001">YPZ94704</controlfield>
    <controlfield tag="003">YPZ</controlfield>
    <controlfield tag="005">201202161609450</controlfield>
    <controlfield tag="008">120216|###########||||||b||||||||||spa|d</controlfield>
    <datafield tag="040" ind1=" " ind2=" ">
      <subfield code="c">SIUNPA</subfield>
    </datafield>
    <datafield tag="041" ind1=" " ind2=" ">
      <subfield code="a">spa</subfield>
    </datafield>
    <datafield tag="044" ind1=" " ind2=" ">
      <subfield code="a">AR</subfield>
    </datafield>
    <datafield tag="080" ind1=" " ind2=" ">
      <subfield code="a">159.922.7 S878n3</subfield>
    </datafield>
    <datafield tag="100" ind1=" " ind2=" ">
      <subfield code="a">Stone, L. Joseph.</subfield>
    </datafield>
    <datafield tag="700" ind1=" " ind2=" ">
      <subfield code="a">Church, Joseph.</subfield>
    </datafield>
    <datafield tag="245" ind1=" " ind2=" ">
      <subfield code="a">Niñez y adolescencia</subfield>
      <subfield code="b"> : psicología de la persona que crece</subfield>
    </datafield>
    <datafield tag="250" ind1=" " ind2=" ">
      <subfield code="a">3a ed.</subfield>
    </datafield>
    <datafield tag="260" ind1=" " ind2=" ">
      <subfield code="a">Buenos Aires</subfield>
      <subfield code="b"> : Paidós</subfield>
      <subfield code="c"> , 1965</subfield>
    </datafield>
    <datafield tag="650" ind1=" " ind2=" ">
      <subfield code="a"> PSICOLOGIA DE LA ADOLESCENCIA  ADOLESCENCIA</subfield>
    </datafield>
    <datafield tag="650" ind1=" " ind2=" ">
      <subfield code="a"> NIÑEZ</subfield>
    </datafield>
    <datafield tag="650" ind1=" " ind2=" ">
      <subfield code="a"> DESARROLLO DEL NIÑO</subfield>
    </datafield>
    <datafield tag="650" ind1=" " ind2=" ">
      <subfield code="a"> DESARROLLO COGNITIVO</subfield>
    </datafield>
    <datafield tag="650" ind1=" " ind2=" ">
      <subfield code="a"> PSICOLOGIA EVOLUTIVA</subfield>
    </datafield>
    <datafield tag="942" ind1=" " ind2=" ">
      <subfield code="c">BK</subfield>
    </datafield>
    <datafield tag="952" ind1=" " ind2=" ">
      <subfield code="a">BIB_RECT</subfield>
      <subfield code="b">BIB_UARG</subfield>
      <subfield code="d">2012-02-16</subfield>
      <subfield code="y">BK</subfield>
      <subfield code="p">05-05673</subfield>
      <subfield code="i">05-05673</subfield>
      <subfield code="g">121</subfield>
      <subfield code="o">159.922.7 S878n3</subfield>
      <subfield code="e">Migración UARG</subfield>
      <subfield code="8">CG</subfield>
    </datafield>
  </record>