
  <record>
    <leader>01000aam  22002601a 4500</leader>
    <controlfield tag="001">YPZ94730</controlfield>
    <controlfield tag="003">YPZ</controlfield>
    <controlfield tag="005">201202231918090</controlfield>
    <controlfield tag="008">120223|###########||||||b||||||||||spa|d</controlfield>
    <datafield tag="020" ind1=" " ind2=" ">
      <subfield code="a">8474326354</subfield>
    </datafield>
    <datafield tag="040" ind1=" " ind2=" ">
      <subfield code="c">SIUNPA</subfield>
    </datafield>
    <datafield tag="041" ind1=" " ind2=" ">
      <subfield code="a">spa</subfield>
    </datafield>
    <datafield tag="044" ind1=" " ind2=" ">
      <subfield code="a">ES</subfield>
    </datafield>
    <datafield tag="080" ind1=" " ind2=" ">
      <subfield code="a">81 B641e2</subfield>
    </datafield>
    <datafield tag="100" ind1=" " ind2=" ">
      <subfield code="a">Blanche-Benveniste, Claire.</subfield>
    </datafield>
    <datafield tag="245" ind1=" " ind2=" ">
      <subfield code="a">Estudios lingüísticos sobre la relación entre oralidad y escritura</subfield>
      <subfield code="c"> / Varela, Lía, tr.</subfield>
    </datafield>
    <datafield tag="250" ind1=" " ind2=" ">
      <subfield code="a">2a ed.</subfield>
    </datafield>
    <datafield tag="260" ind1=" " ind2=" ">
      <subfield code="a">Barcelona</subfield>
      <subfield code="b"> : Gedisa</subfield>
      <subfield code="c"> , 2005</subfield>
    </datafield>
    <datafield tag="440" ind1=" " ind2=" ">
      <subfield code="a">Ariel sociedad económica</subfield>
      <subfield code="a">Colección historia y teoría del teatro</subfield>
      <subfield code="a">Inclusiones. Herramientas</subfield>
      <subfield code="a">The Prentice Hall service-oriented computing series</subfield>
      <subfield code="a">Nuevos paradigmas</subfield>
      <subfield code="a">Paso a paso</subfield>
      <subfield code="a">Manuales / Eudeba</subfield>
      <subfield code="a">Management</subfield>
      <subfield code="a">Marketing publicidad</subfield>
      <subfield code="a">Management. Comunicación</subfield>
      <subfield code="a">Management. Conocimiento</subfield>
      <subfield code="a">Management. Conocimiento</subfield>
      <subfield code="a">Colección LEA. Lenguaje, escritura, alfabetización</subfield>
      <subfield code="v">12</subfield>
    </datafield>
    <datafield tag="490" ind1=" " ind2=" ">
      <subfield code="a">Ariel sociedad económica</subfield>
      <subfield code="a">Colección historia y teoría del teatro</subfield>
      <subfield code="a">Inclusiones. Herramientas</subfield>
      <subfield code="a">The Prentice Hall service-oriented computing series</subfield>
      <subfield code="a">Nuevos paradigmas</subfield>
      <subfield code="a">Paso a paso</subfield>
      <subfield code="a">Manuales / Eudeba</subfield>
      <subfield code="a">Management</subfield>
      <subfield code="a">Marketing publicidad</subfield>
      <subfield code="a">Management. Comunicación</subfield>
      <subfield code="a">Management. Conocimiento</subfield>
      <subfield code="a">Management. Conocimiento</subfield>
      <subfield code="a">Colección LEA. Lenguaje, escritura, alfabetización</subfield>
      <subfield code="v">12</subfield>
    </datafield>
    <datafield tag="650" ind1=" " ind2=" ">
      <subfield code="a"> LENGUAJE HABLADO</subfield>
    </datafield>
    <datafield tag="650" ind1=" " ind2=" ">
      <subfield code="a"> ESCRITURA</subfield>
    </datafield>
    <datafield tag="942" ind1=" " ind2=" ">
      <subfield code="c">BK</subfield>
    </datafield>
    <datafield tag="952" ind1=" " ind2=" ">
      <subfield code="a">BIB_RECT</subfield>
      <subfield code="b">BIB_UARG</subfield>
      <subfield code="d">2012-02-23</subfield>
      <subfield code="y">BK</subfield>
      <subfield code="p">05-42070</subfield>
      <subfield code="i">05-42070</subfield>
      <subfield code="g">71.3</subfield>
      <subfield code="o">81 B641e2</subfield>
      <subfield code="e">Compra SIUNPA</subfield>
      <subfield code="8">CG</subfield>
    </datafield>
    <datafield tag="952" ind1=" " ind2=" ">
      <subfield code="a">BIB_RECT</subfield>
      <subfield code="b">BIB_UARG</subfield>
      <subfield code="d">2012-02-23</subfield>
      <subfield code="y">BK</subfield>
      <subfield code="p">05-42071</subfield>
      <subfield code="i">05-42071</subfield>
      <subfield code="g">71.3</subfield>
      <subfield code="o">81 B641e2</subfield>
      <subfield code="e">Compra SIUNPA</subfield>
      <subfield code="8">CG</subfield>
    </datafield>
    <datafield tag="952" ind1=" " ind2=" ">
      <subfield code="a">BIB_RECT</subfield>
      <subfield code="b">BIB_UARG</subfield>
      <subfield code="d">2012-02-23</subfield>
      <subfield code="y">BK</subfield>
      <subfield code="p">05-42072</subfield>
      <subfield code="i">05-42072</subfield>
      <subfield code="g">71.3</subfield>
      <subfield code="o">81 B641e2</subfield>
      <subfield code="e">Compra SIUNPA</subfield>
      <subfield code="8">CG</subfield>
    </datafield>
    <datafield tag="952" ind1=" " ind2=" ">
      <subfield code="a">BIB_RECT</subfield>
      <subfield code="b">BIB_UARG</subfield>
      <subfield code="d">2012-02-23</subfield>
      <subfield code="y">BK</subfield>
      <subfield code="p">05-42073</subfield>
      <subfield code="i">05-42073</subfield>
      <subfield code="g">71.3</subfield>
      <subfield code="o">81 B641e2</subfield>
      <subfield code="e">Compra SIUNPA</subfield>
      <subfield code="8">CG</subfield>
    </datafield>
    <datafield tag="952" ind1=" " ind2=" ">
      <subfield code="a">BIB_RECT</subfield>
      <subfield code="b">BIB_UARG</subfield>
      <subfield code="d">2012-02-23</subfield>
      <subfield code="y">BK</subfield>
      <subfield code="p">05-42074</subfield>
      <subfield code="i">05-42074</subfield>
      <subfield code="g">71.3</subfield>
      <subfield code="o">81 B641e2</subfield>
      <subfield code="e">Compra SIUNPA</subfield>
      <subfield code="8">CG</subfield>
    </datafield>
  </record>