
  <record>
    <leader>01000aam  22002601a 4500</leader>
    <controlfield tag="001">YPZ94733</controlfield>
    <controlfield tag="003">YPZ</controlfield>
    <controlfield tag="005">201202281757500</controlfield>
    <controlfield tag="008">120228|###########||||||b||||||||||spa|d</controlfield>
    <datafield tag="020" ind1=" " ind2=" ">
      <subfield code="a">9789506415747</subfield>
    </datafield>
    <datafield tag="040" ind1=" " ind2=" ">
      <subfield code="c">SIUNPA</subfield>
    </datafield>
    <datafield tag="041" ind1=" " ind2=" ">
      <subfield code="a">spa</subfield>
    </datafield>
    <datafield tag="044" ind1=" " ind2=" ">
      <subfield code="a">AR</subfield>
    </datafield>
    <datafield tag="080" ind1=" " ind2=" ">
      <subfield code="a">65.01 H568v</subfield>
    </datafield>
    <datafield tag="100" ind1=" " ind2=" ">
      <subfield code="a">Herrscher, Enrique G..</subfield>
    </datafield>
    <datafield tag="245" ind1=" " ind2=" ">
      <subfield code="a">El valor sistémico de las organizaciones</subfield>
      <subfield code="b"> : variables, procesos y estructuras</subfield>
    </datafield>
    <datafield tag="260" ind1=" " ind2=" ">
      <subfield code="a">Buenos Aires</subfield>
      <subfield code="b"> : Granica</subfield>
      <subfield code="c"> , 2010</subfield>
    </datafield>
    <datafield tag="650" ind1=" " ind2=" ">
      <subfield code="a"> ORGANIZACION DE LA EMPRESA</subfield>
    </datafield>
    <datafield tag="650" ind1=" " ind2=" ">
      <subfield code="a"> PLANIFICACION EMPRESARIAL</subfield>
    </datafield>
    <datafield tag="942" ind1=" " ind2=" ">
      <subfield code="c">BK</subfield>
    </datafield>
    <datafield tag="952" ind1=" " ind2=" ">
      <subfield code="a">BIB_RECT</subfield>
      <subfield code="b">BIB_UARG</subfield>
      <subfield code="d">2012-02-23</subfield>
      <subfield code="y">BK</subfield>
      <subfield code="p">05-42057</subfield>
      <subfield code="i">05-42057</subfield>
      <subfield code="g">53.2</subfield>
      <subfield code="o">65.01 H568v</subfield>
      <subfield code="e">Compra SIUNPA</subfield>
      <subfield code="8">CG</subfield>
    </datafield>
    <datafield tag="952" ind1=" " ind2=" ">
      <subfield code="a">BIB_RECT</subfield>
      <subfield code="b">BIB_UARG</subfield>
      <subfield code="d">2012-02-23</subfield>
      <subfield code="y">BK</subfield>
      <subfield code="p">05-42058</subfield>
      <subfield code="i">05-42058</subfield>
      <subfield code="g">53.2</subfield>
      <subfield code="o">65.01 H568v</subfield>
      <subfield code="e">Compra SIUNPA</subfield>
      <subfield code="8">CG</subfield>
    </datafield>
    <datafield tag="952" ind1=" " ind2=" ">
      <subfield code="a">BIB_RECT</subfield>
      <subfield code="b">BIB_UARG</subfield>
      <subfield code="d">2012-02-23</subfield>
      <subfield code="y">BK</subfield>
      <subfield code="p">05-42059</subfield>
      <subfield code="i">05-42059</subfield>
      <subfield code="g">53.2</subfield>
      <subfield code="o">65.01 H568v</subfield>
      <subfield code="e">Compra SIUNPA</subfield>
      <subfield code="8">CG</subfield>
    </datafield>
    <datafield tag="952" ind1=" " ind2=" ">
      <subfield code="a">BIB_RECT</subfield>
      <subfield code="b">BIB_UARG</subfield>
      <subfield code="d">2012-02-23</subfield>
      <subfield code="y">BK</subfield>
      <subfield code="p">05-42060</subfield>
      <subfield code="i">05-42060</subfield>
      <subfield code="g">53.2</subfield>
      <subfield code="o">65.01 H568v</subfield>
      <subfield code="e">Compra SIUNPA</subfield>
      <subfield code="8">CG</subfield>
    </datafield>
    <datafield tag="952" ind1=" " ind2=" ">
      <subfield code="a">BIB_RECT</subfield>
      <subfield code="b">BIB_UARG</subfield>
      <subfield code="d">2012-02-23</subfield>
      <subfield code="y">BK</subfield>
      <subfield code="p">05-42061</subfield>
      <subfield code="i">05-42061</subfield>
      <subfield code="g">53.2</subfield>
      <subfield code="o">65.01 H568v</subfield>
      <subfield code="e">Compra SIUNPA</subfield>
      <subfield code="8">CG</subfield>
    </datafield>
  </record>