
  <record>
    <leader>01000aam  22002601a 4500</leader>
    <controlfield tag="001">YPZ94745</controlfield>
    <controlfield tag="003">YPZ</controlfield>
    <controlfield tag="005">201203011855570</controlfield>
    <controlfield tag="008">120301|###########||||||b||||||||||spa|d</controlfield>
    <datafield tag="020" ind1=" " ind2=" ">
      <subfield code="a">8495294559</subfield>
    </datafield>
    <datafield tag="040" ind1=" " ind2=" ">
      <subfield code="c">SIUNPA</subfield>
    </datafield>
    <datafield tag="041" ind1=" " ind2=" ">
      <subfield code="a">spa</subfield>
    </datafield>
    <datafield tag="044" ind1=" " ind2=" ">
      <subfield code="a">ES</subfield>
    </datafield>
    <datafield tag="080" ind1=" " ind2=" ">
      <subfield code="a">371.333 C264e</subfield>
    </datafield>
    <datafield tag="100" ind1=" " ind2=" ">
      <subfield code="a">Carbone, Graciela María.</subfield>
    </datafield>
    <datafield tag="245" ind1=" " ind2=" ">
      <subfield code="a">Escuela, medios de comunicación social y transposiciones</subfield>
    </datafield>
    <datafield tag="250" ind1=" " ind2=" ">
      <subfield code="a">1a ed.</subfield>
    </datafield>
    <datafield tag="260" ind1=" " ind2=" ">
      <subfield code="a">Madrid</subfield>
      <subfield code="b"> : Miño y Dávila</subfield>
      <subfield code="c"> , 2004</subfield>
    </datafield>
    <datafield tag="650" ind1=" " ind2=" ">
      <subfield code="a"> MEDIOS DE COMUNICACION</subfield>
    </datafield>
    <datafield tag="650" ind1=" " ind2=" ">
      <subfield code="a"> ENSEÑANZA AUDIOVISUAL</subfield>
    </datafield>
    <datafield tag="650" ind1=" " ind2=" ">
      <subfield code="a"> SOCIEDAD DE INFORMACION</subfield>
    </datafield>
    <datafield tag="650" ind1=" " ind2=" ">
      <subfield code="a"> SOCIOLOGIA DE LA CULTURA</subfield>
    </datafield>
    <datafield tag="650" ind1=" " ind2=" ">
      <subfield code="a"> TECNOLOGIA EDUCACIONAL</subfield>
    </datafield>
    <datafield tag="942" ind1=" " ind2=" ">
      <subfield code="c">BK</subfield>
    </datafield>
    <datafield tag="952" ind1=" " ind2=" ">
      <subfield code="a">BIB_RECT</subfield>
      <subfield code="b">BIB_UARG</subfield>
      <subfield code="d">2012-03-01</subfield>
      <subfield code="y">BK</subfield>
      <subfield code="p">05-42087</subfield>
      <subfield code="i">05-42087</subfield>
      <subfield code="g">40.6</subfield>
      <subfield code="o">371.333 C264e</subfield>
      <subfield code="e">Compra SIUNPA</subfield>
      <subfield code="8">CG</subfield>
    </datafield>
    <datafield tag="952" ind1=" " ind2=" ">
      <subfield code="a">BIB_RECT</subfield>
      <subfield code="b">BIB_UARG</subfield>
      <subfield code="d">2012-03-01</subfield>
      <subfield code="y">BK</subfield>
      <subfield code="p">05-42088</subfield>
      <subfield code="i">05-42088</subfield>
      <subfield code="g">40.6</subfield>
      <subfield code="o">371.333 C264e</subfield>
      <subfield code="e">Compra SIUNPA</subfield>
      <subfield code="8">CG</subfield>
    </datafield>
    <datafield tag="952" ind1=" " ind2=" ">
      <subfield code="a">BIB_RECT</subfield>
      <subfield code="b">BIB_UARG</subfield>
      <subfield code="d">2012-03-01</subfield>
      <subfield code="y">BK</subfield>
      <subfield code="p">05-42089</subfield>
      <subfield code="i">05-42089</subfield>
      <subfield code="g">40.6</subfield>
      <subfield code="o">371.333 C264e</subfield>
      <subfield code="e">Compra SIUNPA</subfield>
      <subfield code="8">CG</subfield>
    </datafield>
    <datafield tag="952" ind1=" " ind2=" ">
      <subfield code="a">BIB_RECT</subfield>
      <subfield code="b">BIB_UARG</subfield>
      <subfield code="d">2012-03-01</subfield>
      <subfield code="y">BK</subfield>
      <subfield code="p">05-42090</subfield>
      <subfield code="i">05-42090</subfield>
      <subfield code="g">40.6</subfield>
      <subfield code="o">371.333 C264e</subfield>
      <subfield code="e">Compra SIUNPA</subfield>
      <subfield code="8">CG</subfield>
    </datafield>
    <datafield tag="952" ind1=" " ind2=" ">
      <subfield code="a">BIB_RECT</subfield>
      <subfield code="b">BIB_UARG</subfield>
      <subfield code="d">2012-03-01</subfield>
      <subfield code="y">BK</subfield>
      <subfield code="p">05-42091</subfield>
      <subfield code="i">05-42091</subfield>
      <subfield code="g">40.6</subfield>
      <subfield code="o">371.333 C264e</subfield>
      <subfield code="e">Compra SIUNPA</subfield>
      <subfield code="8">CG</subfield>
    </datafield>
  </record>