
  <record>
    <leader>01000aam  22002601a 4500</leader>
    <controlfield tag="001">YPZ94746</controlfield>
    <controlfield tag="003">YPZ</controlfield>
    <controlfield tag="005">201203011902190</controlfield>
    <controlfield tag="008">120301|###########||||||b||||||||||spa|d</controlfield>
    <datafield tag="020" ind1=" " ind2=" ">
      <subfield code="a">9788433905437</subfield>
    </datafield>
    <datafield tag="040" ind1=" " ind2=" ">
      <subfield code="c">SIUNPA</subfield>
    </datafield>
    <datafield tag="041" ind1=" " ind2=" ">
      <subfield code="a">spa</subfield>
    </datafield>
    <datafield tag="044" ind1=" " ind2=" ">
      <subfield code="a">ES</subfield>
    </datafield>
    <datafield tag="080" ind1=" " ind2=" ">
      <subfield code="a">316.2 B769r4</subfield>
    </datafield>
    <datafield tag="100" ind1=" " ind2=" ">
      <subfield code="a">Bourdieu, Pierre.</subfield>
    </datafield>
    <datafield tag="245" ind1=" " ind2=" ">
      <subfield code="a">Razones prácticas</subfield>
      <subfield code="b"> : sobre la teoría de la acción</subfield>
      <subfield code="c"> / Kauf, Thomas, tr.</subfield>
    </datafield>
    <datafield tag="250" ind1=" " ind2=" ">
      <subfield code="a">4a ed.</subfield>
    </datafield>
    <datafield tag="260" ind1=" " ind2=" ">
      <subfield code="a">Barcelona</subfield>
      <subfield code="b"> : Anagrama</subfield>
      <subfield code="c"> , 2007</subfield>
    </datafield>
    <datafield tag="440" ind1=" " ind2=" ">
      <subfield code="a">Management</subfield>
      <subfield code="a">Management. Conocimiento</subfield>
      <subfield code="a">Filosofía e Historia</subfield>
      <subfield code="a">Colección metodologías</subfield>
      <subfield code="a">Colección respuestas</subfield>
      <subfield code="a">Colección respuestas. Serie desafíos</subfield>
      <subfield code="a">Sección de obras de historia</subfield>
      <subfield code="a">Routledge introductions to environment series</subfield>
      <subfield code="a">Educación, crítica y debate</subfield>
      <subfield code="a">Colección argumentos</subfield>
      <subfield code="v">193</subfield>
    </datafield>
    <datafield tag="490" ind1=" " ind2=" ">
      <subfield code="a">Management</subfield>
      <subfield code="a">Management. Conocimiento</subfield>
      <subfield code="a">Filosofía e Historia</subfield>
      <subfield code="a">Colección metodologías</subfield>
      <subfield code="a">Colección respuestas</subfield>
      <subfield code="a">Colección respuestas. Serie desafíos</subfield>
      <subfield code="a">Sección de obras de historia</subfield>
      <subfield code="a">Routledge introductions to environment series</subfield>
      <subfield code="a">Educación, crítica y debate</subfield>
      <subfield code="a">Colección argumentos</subfield>
      <subfield code="v">193</subfield>
    </datafield>
    <datafield tag="650" ind1=" " ind2=" ">
      <subfield code="a"> FILOSOFIA DE LA CIENCIA</subfield>
    </datafield>
    <datafield tag="650" ind1=" " ind2=" ">
      <subfield code="a"> FILOSOFIA DE LA ACCION</subfield>
    </datafield>
    <datafield tag="650" ind1=" " ind2=" ">
      <subfield code="a"> SOCIOLOGIA CULTURAL</subfield>
    </datafield>
    <datafield tag="650" ind1=" " ind2=" ">
      <subfield code="a"> INVESTIGACION SOCIAL</subfield>
    </datafield>
    <datafield tag="650" ind1=" " ind2=" ">
      <subfield code="a"> METODOLOGIA DE LA INVESTIGACION</subfield>
    </datafield>
    <datafield tag="942" ind1=" " ind2=" ">
      <subfield code="c">BK</subfield>
    </datafield>
    <datafield tag="952" ind1=" " ind2=" ">
      <subfield code="a">BIB_RECT</subfield>
      <subfield code="b">BIB_UARG</subfield>
      <subfield code="d">2012-03-01</subfield>
      <subfield code="y">BK</subfield>
      <subfield code="p">05-42099</subfield>
      <subfield code="i">05-42099</subfield>
      <subfield code="g">97</subfield>
      <subfield code="o">316.2 B769r4</subfield>
      <subfield code="e">Compra SIUNPA</subfield>
      <subfield code="8">CG</subfield>
    </datafield>
  </record>