
  <record>
    <leader>01000aam  22002601a 4500</leader>
    <controlfield tag="001">YPZ94751</controlfield>
    <controlfield tag="003">YPZ</controlfield>
    <controlfield tag="005">201203051747500</controlfield>
    <controlfield tag="008">120305|###########||||||b||||||||||spa|d</controlfield>
    <datafield tag="020" ind1=" " ind2=" ">
      <subfield code="a">9789871563050 (o.c.)</subfield>
    </datafield>
    <datafield tag="020" ind1=" " ind2=" ">
      <subfield code="a">9789871563067 (t.1)</subfield>
    </datafield>
    <datafield tag="020" ind1=" " ind2=" ">
      <subfield code="a">9789871563074 (t.2)</subfield>
    </datafield>
    <datafield tag="040" ind1=" " ind2=" ">
      <subfield code="c">SIUNPA</subfield>
    </datafield>
    <datafield tag="041" ind1=" " ind2=" ">
      <subfield code="a">spa</subfield>
    </datafield>
    <datafield tag="044" ind1=" " ind2=" ">
      <subfield code="a">AR</subfield>
    </datafield>
    <datafield tag="080" ind1=" " ind2=" ">
      <subfield code="a">R661.15 G93g15</subfield>
    </datafield>
    <datafield tag="110" ind1=" " ind2=" ">
      <subfield code="a">Cámara de Sanidad Agropecuaria y Fertilizantes (Buenos Aires).</subfield>
    </datafield>
    <datafield tag="245" ind1=" " ind2=" ">
      <subfield code="a">Guía de productos fitosanitarios para la República Argentina</subfield>
    </datafield>
    <datafield tag="250" ind1=" " ind2=" ">
      <subfield code="a">15a ed.</subfield>
    </datafield>
    <datafield tag="260" ind1=" " ind2=" ">
      <subfield code="a">Buenos Aires</subfield>
      <subfield code="b"> : Cámara de Sanidad Agropecuaria y Fertilizantes, CASAFE</subfield>
      <subfield code="c"> , 2011</subfield>
    </datafield>
    <datafield tag="300" ind1=" " ind2=" ">
      <subfield code="a">93 p. : </subfield>
      <subfield code="b">il. ; </subfield>
      <subfield code="a">93 p. : </subfield>
      <subfield code="b">il. ; </subfield>
      <subfield code="a">108 p. : </subfield>
      <subfield code="b">il. ; </subfield>
      <subfield code="a">96 p. : </subfield>
      <subfield code="b">il. ; </subfield>
      <subfield code="a">94 p. : </subfield>
      <subfield code="b">il. ; </subfield>
      <subfield code="a">111 p. : </subfield>
      <subfield code="b">il. ; </subfield>
      <subfield code="a">108 p. : </subfield>
      <subfield code="b">il. ; </subfield>
      <subfield code="a">94 p. : </subfield>
      <subfield code="b">il. ; </subfield>
      <subfield code="a">94 p. : </subfield>
      <subfield code="b">il. ; </subfield>
      <subfield code="a">555 p. : </subfield>
      <subfield code="a">237 p. : </subfield>
      <subfield code="a">84 p. : </subfield>
      <subfield code="a">254 p. : </subfield>
      <subfield code="a">211 p. : </subfield>
      <subfield code="a">70 p. : </subfield>
      <subfield code="a">282 p. : </subfield>
      <subfield code="a">374 p. : </subfield>
      <subfield code="a">251 p. : </subfield>
      <subfield code="a">156 p. : </subfield>
      <subfield code="b">il. ; </subfield>
      <subfield code="a">190 p. : </subfield>
      <subfield code="b">il. ; </subfield>
      <subfield code="a">92 p. : </subfield>
      <subfield code="b">il. ; </subfield>
      <subfield code="a">256 p. : </subfield>
      <subfield code="b">il. ; </subfield>
      <subfield code="a">347 p. : </subfield>
      <subfield code="b">2 h. ; </subfield>
      <subfield code="a">240 p. : </subfield>
      <subfield code="b">cuadros ; </subfield>
      <subfield code="a">362 p. : </subfield>
      <subfield code="b">cuadros ; </subfield>
      <subfield code="a">vii, 413 p. : </subfield>
      <subfield code="b">il. ; </subfield>
      <subfield code="a">298 p. : </subfield>
      <subfield code="a">vii, 349 p. : </subfield>
      <subfield code="b">il. ; </subfield>
      <subfield code="a">246 p. : </subfield>
      <subfield code="a">vi, 381 p. : </subfield>
      <subfield code="b">il. ; </subfield>
      <subfield code="a">vii, 353 p. : </subfield>
      <subfield code="b">il. ; </subfield>
      <subfield code="a">227 p. : </subfield>
      <subfield code="b">il. ; </subfield>
      <subfield code="a">252 p. : </subfield>
      <subfield code="a">215 p. : </subfield>
      <subfield code="b">il. ; </subfield>
      <subfield code="a">239 p. : </subfield>
      <subfield code="b">il. ; </subfield>
      <subfield code="a">238 p. : </subfield>
      <subfield code="b">il. ; </subfield>
      <subfield code="a">189 p. : </subfield>
      <subfield code="a">100 p. : </subfield>
      <subfield code="b">il. ; </subfield>
      <subfield code="a">333 p. : </subfield>
      <subfield code="b">il. ; </subfield>
      <subfield code="a">310 p. : </subfield>
      <subfield code="a">199 p. : </subfield>
      <subfield code="a">288 p. : </subfield>
      <subfield code="b">il. ; </subfield>
      <subfield code="a">262 p. : </subfield>
      <subfield code="b">cuadros ; </subfield>
      <subfield code="a">155 p. : </subfield>
      <subfield code="a">476 p. : </subfield>
      <subfield code="b">il. ; </subfield>
      <subfield code="a">206 p. : </subfield>
      <subfield code="b">il. ; </subfield>
      <subfield code="a">446 p. : </subfield>
      <subfield code="a">390 p. : </subfield>
      <subfield code="a">238 p. : </subfield>
      <subfield code="a">320 p. : </subfield>
      <subfield code="a">382 p. : </subfield>
      <subfield code="b">il. ; </subfield>
      <subfield code="a">190 p. : </subfield>
      <subfield code="a">419 p. : </subfield>
      <subfield code="a">245 p. : </subfield>
      <subfield code="a">377 p. : </subfield>
      <subfield code="b">il. ; </subfield>
      <subfield code="a">327 p. : </subfield>
      <subfield code="a">278 p. : </subfield>
      <subfield code="b">il. ; </subfield>
      <subfield code="a">347 p. : </subfield>
      <subfield code="a">205 p. : </subfield>
      <subfield code="a">140 p. : </subfield>
      <subfield code="a">125 p. : </subfield>
      <subfield code="b">il. ; </subfield>
      <subfield code="a">155 p. : </subfield>
      <subfield code="a">378 p. : </subfield>
      <subfield code="b">il. ; </subfield>
      <subfield code="a">184 p. : </subfield>
      <subfield code="b">il. ; </subfield>
      <subfield code="a">241 p. : </subfield>
      <subfield code="b">cuadros ; </subfield>
      <subfield code="a">252 p. : </subfield>
      <subfield code="a">273 p. : </subfield>
      <subfield code="b">il. ; </subfield>
      <subfield code="a">309 p. : </subfield>
      <subfield code="a">331 p. : </subfield>
      <subfield code="a">382 p. : </subfield>
      <subfield code="a">241 p. : </subfield>
      <subfield code="b">il. ; </subfield>
      <subfield code="a">484 p. : </subfield>
      <subfield code="b">il. ; </subfield>
      <subfield code="a">350 p. : </subfield>
      <subfield code="b">il. ; </subfield>
      <subfield code="a">166 p. : </subfield>
      <subfield code="b">il. ; </subfield>
      <subfield code="a">xliii, 814 p. : </subfield>
      <subfield code="b">il. ; </subfield>
      <subfield code="a">286 p. : </subfield>
      <subfield code="a">xiv, 422 p. : </subfield>
      <subfield code="b">il. ; </subfield>
      <subfield code="a">xiv, 284 p. : </subfield>
      <subfield code="b">il. ; </subfield>
      <subfield code="a">207 p. : </subfield>
      <subfield code="a">214 p. : </subfield>
      <subfield code="b">il. ; </subfield>
      <subfield code="a">59 p. : </subfield>
      <subfield code="b">il. ; </subfield>
      <subfield code="a">xiv, 529 p. : </subfield>
      <subfield code="b">il. ; </subfield>
      <subfield code="a">242 p. : </subfield>
      <subfield code="b">il. ; </subfield>
      <subfield code="a">175 p. : </subfield>
      <subfield code="a">278 p. : </subfield>
      <subfield code="a">189 p. : </subfield>
      <subfield code="b">il. ; </subfield>
      <subfield code="a">xvii, 415 p. : </subfield>
      <subfield code="b">il. ; </subfield>
      <subfield code="a">xi, 361 p. : </subfield>
      <subfield code="b">il. ; </subfield>
      <subfield code="a">v. : </subfield>
      <subfield code="a">xxiv, [655] p. en varias paginaciones : </subfield>
      <subfield code="b">il. ; </subfield>
      <subfield code="a">ix, 303 p. : </subfield>
      <subfield code="b">il. ; </subfield>
      <subfield code="a">xxix, [672] p. en varias paginaciones : </subfield>
      <subfield code="b">il. ; </subfield>
      <subfield code="a">xxxi, 458 p. : </subfield>
      <subfield code="b">il. ; </subfield>
      <subfield code="a">xxiv, [647] p. en varias paginaciones : </subfield>
      <subfield code="b">il. ; </subfield>
      <subfield code="a">179 p. : </subfield>
      <subfield code="a">286 p. : </subfield>
      <subfield code="b">il. ; </subfield>
      <subfield code="a">176 p. : </subfield>
      <subfield code="a">289 p. : </subfield>
      <subfield code="b">il. ; </subfield>
      <subfield code="a">358 p. : </subfield>
      <subfield code="b">il. ; </subfield>
      <subfield code="a">220 p. : </subfield>
      <subfield code="b">il. ; </subfield>
      <subfield code="a">407 p. : </subfield>
      <subfield code="a">251 p. : </subfield>
      <subfield code="a">106 p. : </subfield>
      <subfield code="a">183 p. : </subfield>
      <subfield code="b">cuadr. ; </subfield>
      <subfield code="a">96 p. : </subfield>
      <subfield code="b">cuadros ; </subfield>
      <subfield code="a">352 p. : </subfield>
      <subfield code="b">il. ; </subfield>
      <subfield code="a">xviii, 282 p. : </subfield>
      <subfield code="b">il. ; </subfield>
      <subfield code="a">xviii, 684 p. : </subfield>
      <subfield code="b">il. ; </subfield>
      <subfield code="a">xiv, 477 p. : </subfield>
      <subfield code="b">il. ; </subfield>
      <subfield code="a">206 p. : </subfield>
      <subfield code="a">xix, 274 p. : </subfield>
      <subfield code="b">il. ; </subfield>
      <subfield code="a">120 p. : </subfield>
      <subfield code="a">232 p. : </subfield>
      <subfield code="a">2 v. : </subfield>
      <subfield code="b">il. ; </subfield>
      <subfield code="e">1 CD-ROM en bolsillo</subfield>
    </datafield>
    <datafield tag="505" ind1=" " ind2=" ">
      <subfield code="a">Contenido: t.1. Generalidades - Productos A-F -- t.2. Generalidades - Productos G-Z</subfield>
    </datafield>
    <datafield tag="650" ind1=" " ind2=" ">
      <subfield code="a"> PRODUCTOS QUIMICOS AGRICOLAS</subfield>
    </datafield>
    <datafield tag="942" ind1=" " ind2=" ">
      <subfield code="c">BK</subfield>
    </datafield>
    <datafield tag="952" ind1=" " ind2=" ">
      <subfield code="a">BIB_RECT</subfield>
      <subfield code="b">BIB_UART</subfield>
      <subfield code="d">2012-03-05</subfield>
      <subfield code="y">BK</subfield>
      <subfield code="p">03-42100</subfield>
      <subfield code="i">03-42100</subfield>
      <subfield code="g">800</subfield>
      <subfield code="o">R661.15 G93g15</subfield>
      <subfield code="e">Compra SIUNPA/11</subfield>
      <subfield code="8">CR</subfield>
    </datafield>
    <datafield tag="952" ind1=" " ind2=" ">
      <subfield code="a">BIB_RECT</subfield>
      <subfield code="b">BIB_UART</subfield>
      <subfield code="d">2012-03-05</subfield>
      <subfield code="y">BK</subfield>
      <subfield code="p">03-42107</subfield>
      <subfield code="i">03-42107</subfield>
      <subfield code="g">800</subfield>
      <subfield code="o">R661.15 G93g15</subfield>
      <subfield code="e">Compra SIUNPA</subfield>
      <subfield code="8">CR</subfield>
    </datafield>
  </record>