
  <record>
    <leader>01000aam  22002601a 4500</leader>
    <controlfield tag="001">YPZ94770</controlfield>
    <controlfield tag="003">YPZ</controlfield>
    <controlfield tag="005">201203081724260</controlfield>
    <controlfield tag="008">120308|###########||||||b||||||||||spa|d</controlfield>
    <datafield tag="020" ind1=" " ind2=" ">
      <subfield code="a">9789871242351</subfield>
    </datafield>
    <datafield tag="040" ind1=" " ind2=" ">
      <subfield code="c">SIUNPA</subfield>
    </datafield>
    <datafield tag="041" ind1=" " ind2=" ">
      <subfield code="a">spa</subfield>
    </datafield>
    <datafield tag="044" ind1=" " ind2=" ">
      <subfield code="a">AR</subfield>
    </datafield>
    <datafield tag="080" ind1=" " ind2=" ">
      <subfield code="a">621.548 O481i</subfield>
    </datafield>
    <datafield tag="100" ind1=" " ind2=" ">
      <subfield code="a">Oliva, Rafael.</subfield>
    </datafield>
    <datafield tag="245" ind1=" " ind2=" ">
      <subfield code="a">Introducción a los modelos y control de maquinas eólicas</subfield>
    </datafield>
    <datafield tag="250" ind1=" " ind2=" ">
      <subfield code="a">1a ed.</subfield>
    </datafield>
    <datafield tag="260" ind1=" " ind2=" ">
      <subfield code="a">Río Gallegos</subfield>
      <subfield code="b"> : Universidad Nacional de la Patagonia Austral, UNPAedita</subfield>
      <subfield code="c"> , 2011</subfield>
    </datafield>
    <datafield tag="650" ind1=" " ind2=" ">
      <subfield code="a"> ENERGIA EOLICA</subfield>
    </datafield>
    <datafield tag="650" ind1=" " ind2=" ">
      <subfield code="a"> TECNOLOGIA ENERGETICA</subfield>
    </datafield>
    <datafield tag="942" ind1=" " ind2=" ">
      <subfield code="c">BK</subfield>
    </datafield>
    <datafield tag="952" ind1=" " ind2=" ">
      <subfield code="a">BIB_RECT</subfield>
      <subfield code="b">BIB_UACO</subfield>
      <subfield code="d">2012-05-08</subfield>
      <subfield code="y">BK</subfield>
      <subfield code="p">02-42400</subfield>
      <subfield code="i">02-42400</subfield>
      <subfield code="g">60</subfield>
      <subfield code="o">621.548 O481i</subfield>
      <subfield code="e">Secretaría de Extensión Universitaria</subfield>
      <subfield code="8">CG</subfield>
    </datafield>
    <datafield tag="952" ind1=" " ind2=" ">
      <subfield code="a">BIB_RECT</subfield>
      <subfield code="b">BIB_UACO</subfield>
      <subfield code="d">2012-05-08</subfield>
      <subfield code="y">BK</subfield>
      <subfield code="p">02-42401</subfield>
      <subfield code="i">02-42401</subfield>
      <subfield code="g">60</subfield>
      <subfield code="o">621.548 O481i</subfield>
      <subfield code="e">Secretaría de Extensión Universitaria</subfield>
      <subfield code="8">CG</subfield>
    </datafield>
    <datafield tag="952" ind1=" " ind2=" ">
      <subfield code="a">BIB_RECT</subfield>
      <subfield code="b">BIB_UART</subfield>
      <subfield code="d">2012-05-08</subfield>
      <subfield code="y">BK</subfield>
      <subfield code="p">03-42418</subfield>
      <subfield code="i">03-42418</subfield>
      <subfield code="g">60</subfield>
      <subfield code="o">621.548 O481i</subfield>
      <subfield code="e">Donación Sec. de Extensión Universitaria</subfield>
      <subfield code="8">CG</subfield>
    </datafield>
    <datafield tag="952" ind1=" " ind2=" ">
      <subfield code="a">BIB_RECT</subfield>
      <subfield code="b">BIB_UASJ</subfield>
      <subfield code="d">2012-05-08</subfield>
      <subfield code="y">BK</subfield>
      <subfield code="p">04-42404</subfield>
      <subfield code="i">04-42404</subfield>
      <subfield code="g">60</subfield>
      <subfield code="o">621.548 O481i</subfield>
      <subfield code="e">Secretaría de Extensión Universitaria</subfield>
      <subfield code="8">CG</subfield>
    </datafield>
    <datafield tag="952" ind1=" " ind2=" ">
      <subfield code="a">BIB_RECT</subfield>
      <subfield code="b">BIB_UASJ</subfield>
      <subfield code="d">2012-05-30</subfield>
      <subfield code="y">BK</subfield>
      <subfield code="p">04-42569</subfield>
      <subfield code="i">04-42569</subfield>
      <subfield code="g">60</subfield>
      <subfield code="o">621.548 O481i</subfield>
      <subfield code="e">Extensión</subfield>
      <subfield code="8">CG</subfield>
    </datafield>
    <datafield tag="952" ind1=" " ind2=" ">
      <subfield code="a">BIB_RECT</subfield>
      <subfield code="b">BIB_UASJ</subfield>
      <subfield code="d">2012-05-30</subfield>
      <subfield code="y">BK</subfield>
      <subfield code="p">04-42570</subfield>
      <subfield code="i">04-42570</subfield>
      <subfield code="g">60</subfield>
      <subfield code="o">621.548 O481i</subfield>
      <subfield code="e">Extensión</subfield>
      <subfield code="8">CG</subfield>
    </datafield>
    <datafield tag="952" ind1=" " ind2=" ">
      <subfield code="a">BIB_RECT</subfield>
      <subfield code="b">BIB_UASJ</subfield>
      <subfield code="d">2012-05-30</subfield>
      <subfield code="y">BK</subfield>
      <subfield code="p">04-42571</subfield>
      <subfield code="i">04-42571</subfield>
      <subfield code="g">60</subfield>
      <subfield code="o">621.548 O481i</subfield>
      <subfield code="e">Extensión</subfield>
      <subfield code="8">CG</subfield>
    </datafield>
    <datafield tag="952" ind1=" " ind2=" ">
      <subfield code="a">BIB_RECT</subfield>
      <subfield code="b">BIB_UASJ</subfield>
      <subfield code="d">2012-05-30</subfield>
      <subfield code="y">BK</subfield>
      <subfield code="p">04-42572</subfield>
      <subfield code="i">04-42572</subfield>
      <subfield code="g">60</subfield>
      <subfield code="o">621.548 O481i</subfield>
      <subfield code="e">Extensión</subfield>
      <subfield code="8">CG</subfield>
    </datafield>
    <datafield tag="952" ind1=" " ind2=" ">
      <subfield code="a">BIB_RECT</subfield>
      <subfield code="b">BIB_UASJ</subfield>
      <subfield code="d">2012-05-30</subfield>
      <subfield code="y">BK</subfield>
      <subfield code="p">04-42573</subfield>
      <subfield code="i">04-42573</subfield>
      <subfield code="g">60</subfield>
      <subfield code="o">621.548 O481i</subfield>
      <subfield code="e">Extensión</subfield>
      <subfield code="8">CG</subfield>
    </datafield>
    <datafield tag="952" ind1=" " ind2=" ">
      <subfield code="a">BIB_RECT</subfield>
      <subfield code="b">BIB_UASJ</subfield>
      <subfield code="d">2012-05-30</subfield>
      <subfield code="y">BK</subfield>
      <subfield code="p">04-42574</subfield>
      <subfield code="i">04-42574</subfield>
      <subfield code="g">60</subfield>
      <subfield code="o">621.548 O481i</subfield>
      <subfield code="e">Extensión</subfield>
      <subfield code="8">CG</subfield>
    </datafield>
    <datafield tag="952" ind1=" " ind2=" ">
      <subfield code="a">BIB_RECT</subfield>
      <subfield code="b">BIB_UASJ</subfield>
      <subfield code="d">2012-05-30</subfield>
      <subfield code="y">BK</subfield>
      <subfield code="p">04-42575</subfield>
      <subfield code="i">04-42575</subfield>
      <subfield code="g">60</subfield>
      <subfield code="o">621.548 O481i</subfield>
      <subfield code="e">Extensión</subfield>
      <subfield code="8">CG</subfield>
    </datafield>
    <datafield tag="952" ind1=" " ind2=" ">
      <subfield code="a">BIB_RECT</subfield>
      <subfield code="b">BIB_UASJ</subfield>
      <subfield code="d">2012-05-30</subfield>
      <subfield code="y">BK</subfield>
      <subfield code="p">04-42576</subfield>
      <subfield code="i">04-42576</subfield>
      <subfield code="g">60</subfield>
      <subfield code="o">621.548 O481i</subfield>
      <subfield code="e">Extensión</subfield>
      <subfield code="8">CG</subfield>
    </datafield>
    <datafield tag="952" ind1=" " ind2=" ">
      <subfield code="a">BIB_RECT</subfield>
      <subfield code="b">BIB_UASJ</subfield>
      <subfield code="d">2012-05-30</subfield>
      <subfield code="y">BK</subfield>
      <subfield code="p">04-42577</subfield>
      <subfield code="i">04-42577</subfield>
      <subfield code="g">60</subfield>
      <subfield code="o">621.548 O481i</subfield>
      <subfield code="e">Extensión</subfield>
      <subfield code="8">CG</subfield>
    </datafield>
    <datafield tag="952" ind1=" " ind2=" ">
      <subfield code="a">BIB_RECT</subfield>
      <subfield code="b">BIB_UASJ</subfield>
      <subfield code="d">2012-05-30</subfield>
      <subfield code="y">BK</subfield>
      <subfield code="p">04-42578</subfield>
      <subfield code="i">04-42578</subfield>
      <subfield code="g">60</subfield>
      <subfield code="o">621.548 O481i</subfield>
      <subfield code="e">Extensión</subfield>
      <subfield code="8">CG</subfield>
    </datafield>
    <datafield tag="952" ind1=" " ind2=" ">
      <subfield code="a">BIB_RECT</subfield>
      <subfield code="b">BIB_UARG</subfield>
      <subfield code="d">2012-05-08</subfield>
      <subfield code="y">BK</subfield>
      <subfield code="p">05-42412</subfield>
      <subfield code="i">05-42412</subfield>
      <subfield code="g">60</subfield>
      <subfield code="o">621.548 O481i</subfield>
      <subfield code="e">Donación Sec. de Extensión Universit.</subfield>
      <subfield code="8">CG</subfield>
    </datafield>
    <datafield tag="952" ind1=" " ind2=" ">
      <subfield code="a">BIB_RECT</subfield>
      <subfield code="b">BIB_UARG</subfield>
      <subfield code="d">2012-05-08</subfield>
      <subfield code="y">BK</subfield>
      <subfield code="p">05-42413</subfield>
      <subfield code="i">05-42413</subfield>
      <subfield code="g">60</subfield>
      <subfield code="o">621.548 O481i</subfield>
      <subfield code="e">Donación Sec. de Extensión Universit.</subfield>
      <subfield code="8">CG</subfield>
    </datafield>
    <datafield tag="952" ind1=" " ind2=" ">
      <subfield code="a">BIB_RECT</subfield>
      <subfield code="b">SAT_TRUN</subfield>
      <subfield code="d">2012-05-08</subfield>
      <subfield code="y">BK</subfield>
      <subfield code="p">10-42443</subfield>
      <subfield code="i">10-42443</subfield>
      <subfield code="g">60</subfield>
      <subfield code="o">621.548 O481i</subfield>
      <subfield code="e">Secretaría de Extensión Universitaria</subfield>
      <subfield code="8">CG</subfield>
    </datafield>
    <datafield tag="952" ind1=" " ind2=" ">
      <subfield code="a">BIB_RECT</subfield>
      <subfield code="b">SAT_PBNA</subfield>
      <subfield code="d">2012-05-08</subfield>
      <subfield code="y">BK</subfield>
      <subfield code="p">11-42446</subfield>
      <subfield code="i">11-42446</subfield>
      <subfield code="g">60</subfield>
      <subfield code="o">621.548 O481i</subfield>
      <subfield code="e">Donación Sec. de Extensión Universitaria</subfield>
      <subfield code="8">CG</subfield>
    </datafield>
    <datafield tag="952" ind1=" " ind2=" ">
      <subfield code="a">BIB_RECT</subfield>
      <subfield code="b">SAT_PBNA</subfield>
      <subfield code="d">2012-06-25</subfield>
      <subfield code="y">BK</subfield>
      <subfield code="p">11-42715</subfield>
      <subfield code="i">11-42715</subfield>
      <subfield code="g">60</subfield>
      <subfield code="o">621.548 O481i</subfield>
      <subfield code="e">Extensión</subfield>
      <subfield code="8">CG</subfield>
    </datafield>
    <datafield tag="952" ind1=" " ind2=" ">
      <subfield code="a">BIB_RECT</subfield>
      <subfield code="b">SAT_PBNA</subfield>
      <subfield code="d">2012-06-25</subfield>
      <subfield code="y">BK</subfield>
      <subfield code="p">11-42716</subfield>
      <subfield code="i">11-42716</subfield>
      <subfield code="g">60</subfield>
      <subfield code="o">621.548 O481i</subfield>
      <subfield code="e">Extensión</subfield>
      <subfield code="8">CG</subfield>
    </datafield>
    <datafield tag="952" ind1=" " ind2=" ">
      <subfield code="a">BIB_RECT</subfield>
      <subfield code="b">SAT_PBNA</subfield>
      <subfield code="d">2012-06-25</subfield>
      <subfield code="y">BK</subfield>
      <subfield code="p">11-42717</subfield>
      <subfield code="i">11-42717</subfield>
      <subfield code="g">60</subfield>
      <subfield code="o">621.548 O481i</subfield>
      <subfield code="e">Extensión</subfield>
      <subfield code="8">CG</subfield>
    </datafield>
    <datafield tag="952" ind1=" " ind2=" ">
      <subfield code="a">BIB_RECT</subfield>
      <subfield code="b">SAT_CLFT</subfield>
      <subfield code="d">2012-05-08</subfield>
      <subfield code="y">BK</subfield>
      <subfield code="p">12-42445</subfield>
      <subfield code="i">12-42445</subfield>
      <subfield code="g">60</subfield>
      <subfield code="o">621.548 O481i</subfield>
      <subfield code="e">Donación Sec. de Extensión Universitaria</subfield>
      <subfield code="8">CG</subfield>
    </datafield>
    <datafield tag="952" ind1=" " ind2=" ">
      <subfield code="a">BIB_RECT</subfield>
      <subfield code="b">SAT_PMDN </subfield>
      <subfield code="d">2012-05-08</subfield>
      <subfield code="y">BK</subfield>
      <subfield code="p">15-42442</subfield>
      <subfield code="i">15-42442</subfield>
      <subfield code="g">60</subfield>
      <subfield code="o">621.548 O481i</subfield>
      <subfield code="e">Donación Sec. de Extensión Universitaria</subfield>
      <subfield code="8">CG</subfield>
    </datafield>
    <datafield tag="952" ind1=" " ind2=" ">
      <subfield code="a">BIB_RECT</subfield>
      <subfield code="b">SAT_PDES</subfield>
      <subfield code="d">2012-05-08</subfield>
      <subfield code="y">BK</subfield>
      <subfield code="p">16-42444</subfield>
      <subfield code="i">16-42444</subfield>
      <subfield code="g">60</subfield>
      <subfield code="o">621.548 O481i</subfield>
      <subfield code="e">Donación Sec. de Extensión Universitaria</subfield>
      <subfield code="8">CG</subfield>
    </datafield>
    <datafield tag="952" ind1=" " ind2=" ">
      <subfield code="a">BIB_RECT</subfield>
      <subfield code="b">SAT_RGRA</subfield>
      <subfield code="d">2012-05-08</subfield>
      <subfield code="y">BK</subfield>
      <subfield code="p">17-42441</subfield>
      <subfield code="i">17-42441</subfield>
      <subfield code="g">60</subfield>
      <subfield code="o">621.548 O481i</subfield>
      <subfield code="e">Donación Sec. de Extensión Universitaria</subfield>
      <subfield code="8">CG</subfield>
    </datafield>
    <datafield tag="952" ind1=" " ind2=" ">
      <subfield code="a">BIB_RECT</subfield>
      <subfield code="b">SAT_GREG</subfield>
      <subfield code="d">2012-03-07</subfield>
      <subfield code="y">BK</subfield>
      <subfield code="p">18-42122</subfield>
      <subfield code="i">18-42122</subfield>
      <subfield code="g">30</subfield>
      <subfield code="o">621.548 O481i</subfield>
      <subfield code="e">Extensión</subfield>
      <subfield code="8">CG</subfield>
    </datafield>
    <datafield tag="952" ind1=" " ind2=" ">
      <subfield code="a">BIB_RECT</subfield>
      <subfield code="b">SAT_GREG</subfield>
      <subfield code="d">2012-03-18</subfield>
      <subfield code="y">BK</subfield>
      <subfield code="p">18-42123</subfield>
      <subfield code="i">18-42123</subfield>
      <subfield code="g">30</subfield>
      <subfield code="o">621.548 O481i</subfield>
      <subfield code="e">Extensión</subfield>
      <subfield code="8">CG</subfield>
    </datafield>
    <datafield tag="952" ind1=" " ind2=" ">
      <subfield code="a">BIB_RECT</subfield>
      <subfield code="b">SAT_GREG</subfield>
      <subfield code="d">2012-05-08</subfield>
      <subfield code="y">BK</subfield>
      <subfield code="p">18-42440</subfield>
      <subfield code="i">18-42440</subfield>
      <subfield code="g">60</subfield>
      <subfield code="o">621.548 O481i</subfield>
      <subfield code="e">Secretaría de Extensión Universitaria</subfield>
      <subfield code="8">CG</subfield>
    </datafield>
    <datafield tag="952" ind1=" " ind2=" ">
      <subfield code="a">BIB_RECT</subfield>
      <subfield code="b">SAT_USHU</subfield>
      <subfield code="d">2012-05-08</subfield>
      <subfield code="y">BK</subfield>
      <subfield code="p">19-42302</subfield>
      <subfield code="i">19-42302</subfield>
      <subfield code="g">60</subfield>
      <subfield code="o">621.548 O481i</subfield>
      <subfield code="e">Donación Sec. de Extensión Universitaria</subfield>
      <subfield code="8">CG</subfield>
    </datafield>
  </record>