
  <record>
    <leader>01000aam  22002601a 4500</leader>
    <controlfield tag="001">YPZ94790</controlfield>
    <controlfield tag="003">YPZ</controlfield>
    <controlfield tag="005">201203091536510</controlfield>
    <controlfield tag="008">120309|###########||||||b||||||||||spa|d</controlfield>
    <datafield tag="020" ind1=" " ind2=" ">
      <subfield code="a">844067046X</subfield>
    </datafield>
    <datafield tag="040" ind1=" " ind2=" ">
      <subfield code="c">SIUNPA</subfield>
    </datafield>
    <datafield tag="041" ind1=" " ind2=" ">
      <subfield code="a">spa</subfield>
    </datafield>
    <datafield tag="044" ind1=" " ind2=" ">
      <subfield code="a">ES</subfield>
    </datafield>
    <datafield tag="080" ind1=" " ind2=" ">
      <subfield code="a">82(4).09 N117c</subfield>
    </datafield>
    <datafield tag="100" ind1=" " ind2=" ">
      <subfield code="a">Nabokov, Vladimir.</subfield>
    </datafield>
    <datafield tag="245" ind1=" " ind2=" ">
      <subfield code="a">Curso de literatura europea</subfield>
      <subfield code="c"> / Torres Oliver, Francisco, tr.</subfield>
    </datafield>
    <datafield tag="250" ind1=" " ind2=" ">
      <subfield code="a">1a ed.</subfield>
    </datafield>
    <datafield tag="260" ind1=" " ind2=" ">
      <subfield code="a">Barcelona</subfield>
      <subfield code="b"> : Ediciones B</subfield>
      <subfield code="c"> , 1997</subfield>
    </datafield>
    <datafield tag="440" ind1=" " ind2=" ">
      <subfield code="a">Bibliotecas universitarias. Lengua y literatura</subfield>
      <subfield code="a">Vib</subfield>
      <subfield code="v">227</subfield>
    </datafield>
    <datafield tag="490" ind1=" " ind2=" ">
      <subfield code="a">Bibliotecas universitarias. Lengua y literatura</subfield>
      <subfield code="a">Vib</subfield>
      <subfield code="v">227</subfield>
    </datafield>
    <datafield tag="650" ind1=" " ind2=" ">
      <subfield code="a"> LITERATURA EUROPEA</subfield>
    </datafield>
    <datafield tag="650" ind1=" " ind2=" ">
      <subfield code="a"> CRITICA LITERARIA</subfield>
    </datafield>
    <datafield tag="942" ind1=" " ind2=" ">
      <subfield code="c">BK</subfield>
    </datafield>
    <datafield tag="952" ind1=" " ind2=" ">
      <subfield code="a">BIB_RECT</subfield>
      <subfield code="b">BIB_UARG</subfield>
      <subfield code="d">2012-03-09</subfield>
      <subfield code="y">BK</subfield>
      <subfield code="p">05-11004</subfield>
      <subfield code="i">05-11004</subfield>
      <subfield code="g">169</subfield>
      <subfield code="o">82(4).09 N117c</subfield>
      <subfield code="e">Proyecto FOMEC 585</subfield>
      <subfield code="8">CG</subfield>
    </datafield>
    <datafield tag="952" ind1=" " ind2=" ">
      <subfield code="a">BIB_RECT</subfield>
      <subfield code="b">BIB_UARG</subfield>
      <subfield code="d">2012-03-09</subfield>
      <subfield code="y">BK</subfield>
      <subfield code="p">05-11005</subfield>
      <subfield code="i">05-11005</subfield>
      <subfield code="g">169</subfield>
      <subfield code="o">82(4).09 N117c</subfield>
      <subfield code="e">Proyecto FOMEC 585</subfield>
      <subfield code="8">CG</subfield>
    </datafield>
  </record>