
  <record>
    <leader>01000aam  22002601a 4500</leader>
    <controlfield tag="001">YPZ94796</controlfield>
    <controlfield tag="003">YPZ</controlfield>
    <controlfield tag="005">201203091822430</controlfield>
    <controlfield tag="008">120309|###########||||||b||||||||||spa|d</controlfield>
    <datafield tag="040" ind1=" " ind2=" ">
      <subfield code="c">SIUNPA</subfield>
    </datafield>
    <datafield tag="041" ind1=" " ind2=" ">
      <subfield code="a">spa</subfield>
    </datafield>
    <datafield tag="044" ind1=" " ind2=" ">
      <subfield code="a">CL</subfield>
    </datafield>
    <datafield tag="080" ind1=" " ind2=" ">
      <subfield code="a">94(83) C749h 3</subfield>
    </datafield>
    <datafield tag="110" ind1=" " ind2=" ">
      <subfield code="a">Congreso de Historia de Magallanes (3 : 1994 : Porvenir).</subfield>
    </datafield>
    <datafield tag="710" ind1=" " ind2=" ">
      <subfield code="a">Instituto de la Patagonia (Chile). Centros de Estudios del Hombre Austral, org..</subfield>
    </datafield>
    <datafield tag="245" ind1=" " ind2=" ">
      <subfield code="a">III Congreso de Historia de Magallanes</subfield>
    </datafield>
    <datafield tag="260" ind1=" " ind2=" ">
      <subfield code="a">Punta Arenas</subfield>
      <subfield code="b"> : Universidad de Magallanes</subfield>
      <subfield code="c"> , 1994</subfield>
    </datafield>
    <datafield tag="504" ind1=" " ind2=" ">
      <subfield code="a">En cub.: Comunicaciones</subfield>
    </datafield>
    <datafield tag="650" ind1=" " ind2=" ">
      <subfield code="a"> HISTORIA DE CHILE</subfield>
    </datafield>
    <datafield tag="650" ind1=" " ind2=" ">
      <subfield code="a"> MAGALLANES (CHILE)</subfield>
    </datafield>
    <datafield tag="942" ind1=" " ind2=" ">
      <subfield code="c">BK</subfield>
    </datafield>
    <datafield tag="952" ind1=" " ind2=" ">
      <subfield code="a">BIB_RECT</subfield>
      <subfield code="b">BIB_UARG</subfield>
      <subfield code="d">2012-03-09</subfield>
      <subfield code="y">BK</subfield>
      <subfield code="p">05-09459</subfield>
      <subfield code="i">05-09459</subfield>
      <subfield code="g">32</subfield>
      <subfield code="o">94(83) C749h 3</subfield>
      <subfield code="e">Instituto Patagonia</subfield>
      <subfield code="8">CG</subfield>
    </datafield>
  </record>