
  <record>
    <leader>01000aam  22002601a 4500</leader>
    <controlfield tag="001">YPZ94840</controlfield>
    <controlfield tag="003">YPZ</controlfield>
    <controlfield tag="005">201203161829370</controlfield>
    <controlfield tag="008">120316|###########||||||b||||||||||spa|d</controlfield>
    <datafield tag="040" ind1=" " ind2=" ">
      <subfield code="c">SIUNPA</subfield>
    </datafield>
    <datafield tag="041" ind1=" " ind2=" ">
      <subfield code="a">spa</subfield>
    </datafield>
    <datafield tag="044" ind1=" " ind2=" ">
      <subfield code="a">AR</subfield>
    </datafield>
    <datafield tag="080" ind1=" " ind2=" ">
      <subfield code="a">R(038)=87 E689d</subfield>
    </datafield>
    <datafield tag="100" ind1=" " ind2=" ">
      <subfield code="a">Erize, Esteban.</subfield>
    </datafield>
    <datafield tag="245" ind1=" " ind2=" ">
      <subfield code="a">Diccionario comentado mapuche-español</subfield>
      <subfield code="b"> : araucano, pehuenche, pampa, picynche, rancülche, huilliche</subfield>
    </datafield>
    <datafield tag="260" ind1=" " ind2=" ">
      <subfield code="a">Buenos Aires</subfield>
      <subfield code="b"> : Instituto de Humanidades, Universidad Nacional del Sur</subfield>
      <subfield code="c"> , 1960</subfield>
    </datafield>
    <datafield tag="650" ind1=" " ind2=" ">
      <subfield code="a"> DICCIONARIO BILINGUE</subfield>
    </datafield>
    <datafield tag="650" ind1=" " ind2=" ">
      <subfield code="a"> MAPUCHES</subfield>
    </datafield>
    <datafield tag="650" ind1=" " ind2=" ">
      <subfield code="a"> INDIGENAS</subfield>
    </datafield>
    <datafield tag="942" ind1=" " ind2=" ">
      <subfield code="c">BK</subfield>
    </datafield>
    <datafield tag="952" ind1=" " ind2=" ">
      <subfield code="a">BIB_RECT</subfield>
      <subfield code="b">BIB_UARG</subfield>
      <subfield code="d">2012-03-16</subfield>
      <subfield code="y">BK</subfield>
      <subfield code="p">05-00860</subfield>
      <subfield code="i">05-00860</subfield>
      <subfield code="g">96</subfield>
      <subfield code="o">R(038)=87 E689d</subfield>
      <subfield code="e">Migración UARG</subfield>
      <subfield code="8">CR</subfield>
    </datafield>
    <datafield tag="952" ind1=" " ind2=" ">
      <subfield code="a">BIB_RECT</subfield>
      <subfield code="b">BIB_UARG</subfield>
      <subfield code="d">2012-03-16</subfield>
      <subfield code="y">BK</subfield>
      <subfield code="p">05-00861</subfield>
      <subfield code="i">05-00861</subfield>
      <subfield code="g">96</subfield>
      <subfield code="o">R(038)=87 E689d</subfield>
      <subfield code="e">Migración UARG</subfield>
      <subfield code="8">CR</subfield>
    </datafield>
    <datafield tag="952" ind1=" " ind2=" ">
      <subfield code="a">BIB_RECT</subfield>
      <subfield code="b">BIB_UARG</subfield>
      <subfield code="d">2012-03-16</subfield>
      <subfield code="y">BK</subfield>
      <subfield code="p">05-00862</subfield>
      <subfield code="i">05-00862</subfield>
      <subfield code="g">96</subfield>
      <subfield code="o">R(038)=87 E689d</subfield>
      <subfield code="e">Migración UARG</subfield>
      <subfield code="8">CR</subfield>
    </datafield>
  </record>