
  <record>
    <leader>01000aam  22002601a 4500</leader>
    <controlfield tag="001">YPZ94845</controlfield>
    <controlfield tag="003">YPZ</controlfield>
    <controlfield tag="005">201203191427500</controlfield>
    <controlfield tag="008">120319|###########||||||b||||||||||spa|d</controlfield>
    <datafield tag="020" ind1=" " ind2=" ">
      <subfield code="a">9789872434816</subfield>
    </datafield>
    <datafield tag="040" ind1=" " ind2=" ">
      <subfield code="c">SIUNPA</subfield>
    </datafield>
    <datafield tag="041" ind1=" " ind2=" ">
      <subfield code="a">spa</subfield>
    </datafield>
    <datafield tag="044" ind1=" " ind2=" ">
      <subfield code="a">AR</subfield>
    </datafield>
    <datafield tag="080" ind1=" " ind2=" ">
      <subfield code="a">364.2 P861p</subfield>
    </datafield>
    <datafield tag="100" ind1=" " ind2=" ">
      <subfield code="a">Potenza Dal Masetto, María Fernanda.</subfield>
    </datafield>
    <datafield tag="700" ind1=" " ind2=" ">
      <subfield code="a">Delgado, Arnaldo Oscar.</subfield>
    </datafield>
    <datafield tag="700" ind1=" " ind2=" ">
      <subfield code="a">Daveiro Barreix, Andrea María.</subfield>
    </datafield>
    <datafield tag="245" ind1=" " ind2=" ">
      <subfield code="a">Premio a la innovación y mejoramiento de las políticas públicas 06-07</subfield>
      <subfield code="b"> : categoría maestría</subfield>
      <subfield code="c"> / Greco, Mariano, coord.</subfield>
    </datafield>
    <datafield tag="260" ind1=" " ind2=" ">
      <subfield code="a">Buenos Aires</subfield>
      <subfield code="b"> : Dirección de Investigaciones, Instituto Nacional de Administración Pública</subfield>
      <subfield code="c"> , 2008</subfield>
    </datafield>
    <datafield tag="505" ind1=" " ind2=" ">
      <subfield code="a">Contenido: Coordinación intergubernamental en políticas sociales: el funcionamiento de los Consejos Federales de Educación y Salud en la elaboración de políticas sectoriales (1990-2004) / María Fernanda Potenza Dal Masetto -- Innovación tecnológica y desarrollo local. Criterios y herramientas básicas para la promoción del ambiente innovador en el marco de la planificación estratégica territorial / Arnaldo Oscar Delgado -- Entre la Retórica y la práctica: salud reproductiva y derechos sexuales y reproductivos en la ciudad de Buenos Aires (1987-2004) / Andrea María Daveiro Barreix</subfield>
    </datafield>
    <datafield tag="650" ind1=" " ind2=" ">
      <subfield code="a"> ROL DEL ESTADO  POLITICA SOCIAL</subfield>
    </datafield>
    <datafield tag="650" ind1=" " ind2=" ">
      <subfield code="a"> ADMINISTRACION PUBLICA</subfield>
    </datafield>
    <datafield tag="650" ind1=" " ind2=" ">
      <subfield code="a"> ARGENTINA</subfield>
    </datafield>
    <datafield tag="942" ind1=" " ind2=" ">
      <subfield code="c">BK</subfield>
    </datafield>
    <datafield tag="952" ind1=" " ind2=" ">
      <subfield code="a">BIB_RECT</subfield>
      <subfield code="b">BIB_UACO</subfield>
      <subfield code="d">2011-10-03</subfield>
      <subfield code="y">BK</subfield>
      <subfield code="p">02-41598</subfield>
      <subfield code="i">02-41598</subfield>
      <subfield code="g">70</subfield>
      <subfield code="o">364.2 P861p</subfield>
      <subfield code="e">Gestión Pública</subfield>
      <subfield code="8">CG</subfield>
    </datafield>
    <datafield tag="952" ind1=" " ind2=" ">
      <subfield code="a">BIB_RECT</subfield>
      <subfield code="b">BIB_UARG</subfield>
      <subfield code="d">2013-05-02</subfield>
      <subfield code="y">BK</subfield>
      <subfield code="p">05-44655</subfield>
      <subfield code="i">05-44655</subfield>
      <subfield code="g">120</subfield>
      <subfield code="o">364.2 P861p</subfield>
      <subfield code="e">Donación</subfield>
      <subfield code="8">CG</subfield>
    </datafield>
  </record>