
  <record>
    <leader>01000aam  22002601a 4500</leader>
    <controlfield tag="001">YPZ94851</controlfield>
    <controlfield tag="003">YPZ</controlfield>
    <controlfield tag="005">201203191912050</controlfield>
    <controlfield tag="008">120319|###########||||||b||||||||||spa|d</controlfield>
    <datafield tag="020" ind1=" " ind2=" ">
      <subfield code="a">8448114221</subfield>
    </datafield>
    <datafield tag="040" ind1=" " ind2=" ">
      <subfield code="c">SIUNPA</subfield>
    </datafield>
    <datafield tag="041" ind1=" " ind2=" ">
      <subfield code="a">spa</subfield>
    </datafield>
    <datafield tag="044" ind1=" " ind2=" ">
      <subfield code="a">ES</subfield>
    </datafield>
    <datafield tag="080" ind1=" " ind2=" ">
      <subfield code="a">330.1 M278p</subfield>
    </datafield>
    <datafield tag="100" ind1=" " ind2=" ">
      <subfield code="a">Mankiw, N. Gregory.</subfield>
    </datafield>
    <datafield tag="245" ind1=" " ind2=" ">
      <subfield code="a">Principios de economía</subfield>
      <subfield code="c"> / Rabasco Espáriz, Esther, tr. ; Toharia Cortés, Luis, tr.</subfield>
    </datafield>
    <datafield tag="250" ind1=" " ind2=" ">
      <subfield code="a">1a ed. en español</subfield>
    </datafield>
    <datafield tag="260" ind1=" " ind2=" ">
      <subfield code="a">Madrid</subfield>
      <subfield code="b"> : McGraw-Hill Interamericana</subfield>
      <subfield code="c"> , c1998</subfield>
    </datafield>
    <datafield tag="500" ind1=" " ind2=" ">
      <subfield code="a">El año de impresión varía según el ejemplar</subfield>
    </datafield>
    <datafield tag="650" ind1=" " ind2=" ">
      <subfield code="a"> ECONOMIA</subfield>
    </datafield>
    <datafield tag="650" ind1=" " ind2=" ">
      <subfield code="a"> MACROECONOMIA</subfield>
    </datafield>
    <datafield tag="650" ind1=" " ind2=" ">
      <subfield code="a"> MICROECONOMIA</subfield>
    </datafield>
    <datafield tag="650" ind1=" " ind2=" ">
      <subfield code="a"> TEORIAS ECONOMICAS</subfield>
    </datafield>
    <datafield tag="942" ind1=" " ind2=" ">
      <subfield code="c">BK</subfield>
    </datafield>
    <datafield tag="952" ind1=" " ind2=" ">
      <subfield code="a">BIB_RECT</subfield>
      <subfield code="b">BIB_UACO</subfield>
      <subfield code="d">2012-03-19</subfield>
      <subfield code="y">BK</subfield>
      <subfield code="p">02-02447</subfield>
      <subfield code="i">02-02447</subfield>
      <subfield code="g">140</subfield>
      <subfield code="o">330.1 M278p</subfield>
      <subfield code="e">Acuerdo Nº125/98</subfield>
      <subfield code="8">CG</subfield>
    </datafield>
    <datafield tag="952" ind1=" " ind2=" ">
      <subfield code="a">BIB_RECT</subfield>
      <subfield code="b">BIB_UACO</subfield>
      <subfield code="d">2012-03-19</subfield>
      <subfield code="y">BK</subfield>
      <subfield code="p">02-02448</subfield>
      <subfield code="i">02-02448</subfield>
      <subfield code="g">140</subfield>
      <subfield code="o">330.1 M278p</subfield>
      <subfield code="e">Acuerdo Nº125/98</subfield>
      <subfield code="8">CG</subfield>
    </datafield>
    <datafield tag="952" ind1=" " ind2=" ">
      <subfield code="a">BIB_RECT</subfield>
      <subfield code="b">BIB_UACO</subfield>
      <subfield code="d">2012-03-19</subfield>
      <subfield code="y">BK</subfield>
      <subfield code="p">02-02449</subfield>
      <subfield code="i">02-02449</subfield>
      <subfield code="g">140</subfield>
      <subfield code="o">330.1 M278p</subfield>
      <subfield code="e">Acuerdo Nº125/98</subfield>
      <subfield code="8">CG</subfield>
    </datafield>
    <datafield tag="952" ind1=" " ind2=" ">
      <subfield code="a">BIB_RECT</subfield>
      <subfield code="b">BIB_UACO</subfield>
      <subfield code="d">2012-03-19</subfield>
      <subfield code="y">BK</subfield>
      <subfield code="p">02-07497</subfield>
      <subfield code="i">02-07497</subfield>
      <subfield code="g">140</subfield>
      <subfield code="o">330.1 M278p</subfield>
      <subfield code="e">SIUNPA</subfield>
      <subfield code="8">CG</subfield>
    </datafield>
    <datafield tag="952" ind1=" " ind2=" ">
      <subfield code="a">BIB_RECT</subfield>
      <subfield code="b">BIB_UACO</subfield>
      <subfield code="d">2012-03-19</subfield>
      <subfield code="y">BK</subfield>
      <subfield code="p">02-07498</subfield>
      <subfield code="i">02-07498</subfield>
      <subfield code="g">140</subfield>
      <subfield code="o">330.1 M278p</subfield>
      <subfield code="e">SIUNPA</subfield>
      <subfield code="8">CG</subfield>
    </datafield>
    <datafield tag="952" ind1=" " ind2=" ">
      <subfield code="a">BIB_RECT</subfield>
      <subfield code="b">BIB_UACO</subfield>
      <subfield code="d">2012-03-19</subfield>
      <subfield code="y">BK</subfield>
      <subfield code="p">02-07499</subfield>
      <subfield code="i">02-07499</subfield>
      <subfield code="g">140</subfield>
      <subfield code="o">330.1 M278p</subfield>
      <subfield code="e">SIUNPA</subfield>
      <subfield code="8">CG</subfield>
    </datafield>
  </record>