
  <record>
    <leader>01000aam  22002601a 4500</leader>
    <controlfield tag="001">YPZ94864</controlfield>
    <controlfield tag="003">YPZ</controlfield>
    <controlfield tag="005">201203211332170</controlfield>
    <controlfield tag="008">120321|###########||||||b||||||||||spa|d</controlfield>
    <datafield tag="020" ind1=" " ind2=" ">
      <subfield code="a">847432579X</subfield>
    </datafield>
    <datafield tag="040" ind1=" " ind2=" ">
      <subfield code="c">SIUNPA</subfield>
    </datafield>
    <datafield tag="041" ind1=" " ind2=" ">
      <subfield code="a">spa</subfield>
    </datafield>
    <datafield tag="044" ind1=" " ind2=" ">
      <subfield code="a">ES</subfield>
    </datafield>
    <datafield tag="080" ind1=" " ind2=" ">
      <subfield code="a">791.43.01 F312c</subfield>
    </datafield>
    <datafield tag="100" ind1=" " ind2=" ">
      <subfield code="a">Feldman, Simón.</subfield>
    </datafield>
    <datafield tag="245" ind1=" " ind2=" ">
      <subfield code="a">La composición de la imágen en movimiento</subfield>
    </datafield>
    <datafield tag="250" ind1=" " ind2=" ">
      <subfield code="a">1a ed.</subfield>
    </datafield>
    <datafield tag="260" ind1=" " ind2=" ">
      <subfield code="a">Barcelona</subfield>
      <subfield code="b"> : Gedisa</subfield>
      <subfield code="c"> , 1995</subfield>
    </datafield>
    <datafield tag="650" ind1=" " ind2=" ">
      <subfield code="a"> CINE</subfield>
    </datafield>
    <datafield tag="650" ind1=" " ind2=" ">
      <subfield code="a"> FORMACION DE LA IMAGEN</subfield>
    </datafield>
    <datafield tag="650" ind1=" " ind2=" ">
      <subfield code="a"> TEORIA DEL CINE</subfield>
    </datafield>
    <datafield tag="942" ind1=" " ind2=" ">
      <subfield code="c">BK</subfield>
    </datafield>
    <datafield tag="952" ind1=" " ind2=" ">
      <subfield code="a">BIB_RECT</subfield>
      <subfield code="b">BIB_UARG</subfield>
      <subfield code="d">2012-03-21</subfield>
      <subfield code="y">BK</subfield>
      <subfield code="p">05-10352</subfield>
      <subfield code="i">05-10352</subfield>
      <subfield code="g">59</subfield>
      <subfield code="o">791.43.01 F312c</subfield>
      <subfield code="e">FOMEC 578</subfield>
      <subfield code="8">CG</subfield>
    </datafield>
    <datafield tag="952" ind1=" " ind2=" ">
      <subfield code="a">BIB_RECT</subfield>
      <subfield code="b">BIB_UARG</subfield>
      <subfield code="d">2012-03-21</subfield>
      <subfield code="y">BK</subfield>
      <subfield code="p">05-11458</subfield>
      <subfield code="i">05-11458</subfield>
      <subfield code="g">59</subfield>
      <subfield code="o">791.43.01 F312c</subfield>
      <subfield code="e">FOMEC 578</subfield>
      <subfield code="8">CG</subfield>
    </datafield>
  </record>