
  <record>
    <leader>01000aam  22002601a 4500</leader>
    <controlfield tag="001">YPZ94870</controlfield>
    <controlfield tag="003">YPZ</controlfield>
    <controlfield tag="005">201203211827360</controlfield>
    <controlfield tag="008">120321|###########||||||b||||||||||spa|d</controlfield>
    <datafield tag="040" ind1=" " ind2=" ">
      <subfield code="c">SIUNPA</subfield>
    </datafield>
    <datafield tag="041" ind1=" " ind2=" ">
      <subfield code="a">spa</subfield>
    </datafield>
    <datafield tag="044" ind1=" " ind2=" ">
      <subfield code="a">AR</subfield>
    </datafield>
    <datafield tag="080" ind1=" " ind2=" ">
      <subfield code="a">616.72-002.77 R444r</subfield>
    </datafield>
    <datafield tag="100" ind1=" " ind2=" ">
      <subfield code="a">Bone, Roger C..</subfield>
    </datafield>
    <datafield tag="700" ind1=" " ind2=" ">
      <subfield code="a">Cline, Martin J..</subfield>
    </datafield>
    <datafield tag="700" ind1=" " ind2=" ">
      <subfield code="a">Epstein, Franklin H..</subfield>
    </datafield>
    <datafield tag="700" ind1=" " ind2=" ">
      <subfield code="a">Greenberger, Norton J..</subfield>
    </datafield>
    <datafield tag="700" ind1=" " ind2=" ">
      <subfield code="a">Malawista, Stephen E..</subfield>
    </datafield>
    <datafield tag="700" ind1=" " ind2=" ">
      <subfield code="a">Mandell, Gerald L..</subfield>
    </datafield>
    <datafield tag="700" ind1=" " ind2=" ">
      <subfield code="a">O'Rourke, Robert A..</subfield>
    </datafield>
    <datafield tag="700" ind1=" " ind2=" ">
      <subfield code="a">Utiger, Robert D..</subfield>
    </datafield>
    <datafield tag="245" ind1=" " ind2=" ">
      <subfield code="a">Reumatología</subfield>
      <subfield code="c"> / Guerra, Alicia B, tr. ; Duhart, Juan E., superv.</subfield>
    </datafield>
    <datafield tag="260" ind1=" " ind2=" ">
      <subfield code="a">Buenos Aires</subfield>
      <subfield code="b"> : AP Americana de Publicaciones</subfield>
      <subfield code="c"> , 1997</subfield>
    </datafield>
    <datafield tag="440" ind1=" " ind2=" ">
      <subfield code="a">Colección libertad y cambio. Serie práctica</subfield>
      <subfield code="a">El libro de bolsillo. Biblioteca Carpentier</subfield>
      <subfield code="a">Colección Gedisa multimedia. Serie práctica</subfield>
      <subfield code="a">Planeta bolsillo</subfield>
      <subfield code="a">Obras Completas de Jorge Luis Borges</subfield>
      <subfield code="a">The year book of medicine 1994</subfield>
      <subfield code="a">The year book of medicine 1994</subfield>
      <subfield code="a">The year book of medicine 1995</subfield>
      <subfield code="v">9</subfield>
    </datafield>
    <datafield tag="490" ind1=" " ind2=" ">
      <subfield code="a">Colección libertad y cambio. Serie práctica</subfield>
      <subfield code="a">El libro de bolsillo. Biblioteca Carpentier</subfield>
      <subfield code="a">Colección Gedisa multimedia. Serie práctica</subfield>
      <subfield code="a">Planeta bolsillo</subfield>
      <subfield code="a">Obras Completas de Jorge Luis Borges</subfield>
      <subfield code="a">The year book of medicine 1994</subfield>
      <subfield code="a">The year book of medicine 1994</subfield>
      <subfield code="a">The year book of medicine 1995</subfield>
      <subfield code="v">9</subfield>
    </datafield>
    <datafield tag="650" ind1=" " ind2=" ">
      <subfield code="a"> REUMATISMO</subfield>
    </datafield>
    <datafield tag="942" ind1=" " ind2=" ">
      <subfield code="c">BK</subfield>
    </datafield>
    <datafield tag="952" ind1=" " ind2=" ">
      <subfield code="a">BIB_RECT</subfield>
      <subfield code="b">BIB_UARG</subfield>
      <subfield code="d">2011-04-04</subfield>
      <subfield code="y">BK</subfield>
      <subfield code="p">05-40697</subfield>
      <subfield code="i">05-40697</subfield>
      <subfield code="g">32</subfield>
      <subfield code="o">616.72-002.77 R444r</subfield>
      <subfield code="e">Donación Dr. Cucchiarelli, Dino R.</subfield>
      <subfield code="8">CG</subfield>
    </datafield>
  </record>