
  <record>
    <leader>01000aam  22002601a 4500</leader>
    <controlfield tag="001">YPZ94879</controlfield>
    <controlfield tag="003">YPZ</controlfield>
    <controlfield tag="005">201203221347200</controlfield>
    <controlfield tag="008">120322|###########||||||b||||||||||spa|d</controlfield>
    <datafield tag="020" ind1=" " ind2=" ">
      <subfield code="a">9789872273958</subfield>
    </datafield>
    <datafield tag="020" ind1=" " ind2=" ">
      <subfield code="a">9872273952</subfield>
    </datafield>
    <datafield tag="040" ind1=" " ind2=" ">
      <subfield code="c">SIUNPA</subfield>
    </datafield>
    <datafield tag="041" ind1=" " ind2=" ">
      <subfield code="a">spa</subfield>
    </datafield>
    <datafield tag="044" ind1=" " ind2=" ">
      <subfield code="a">AR</subfield>
    </datafield>
    <datafield tag="080" ind1=" " ind2=" ">
      <subfield code="a">821.134.2(82) A856y</subfield>
    </datafield>
    <datafield tag="100" ind1=" " ind2=" ">
      <subfield code="a">Astolfo, Luis José.</subfield>
    </datafield>
    <datafield tag="245" ind1=" " ind2=" ">
      <subfield code="a">El yo de los otros</subfield>
    </datafield>
    <datafield tag="260" ind1=" " ind2=" ">
      <subfield code="a">Buenos Aires</subfield>
      <subfield code="b"> : Cooperativa El Farol</subfield>
      <subfield code="c"> , 2006</subfield>
    </datafield>
    <datafield tag="500" ind1=" " ind2=" ">
      <subfield code="a">Al ej. 02-42356 le faltan los cap. 13 y 14</subfield>
    </datafield>
    <datafield tag="650" ind1=" " ind2=" ">
      <subfield code="a"> LITERATURA ARGENTINA</subfield>
    </datafield>
    <datafield tag="650" ind1=" " ind2=" ">
      <subfield code="a"> NOVELA</subfield>
    </datafield>
    <datafield tag="942" ind1=" " ind2=" ">
      <subfield code="c">BK</subfield>
    </datafield>
    <datafield tag="952" ind1=" " ind2=" ">
      <subfield code="a">BIB_RECT</subfield>
      <subfield code="b">BIB_UACO</subfield>
      <subfield code="d">2012-04-27</subfield>
      <subfield code="y">BK</subfield>
      <subfield code="p">02-42348</subfield>
      <subfield code="i">02-42348</subfield>
      <subfield code="g">35</subfield>
      <subfield code="o">821.134.2(82) A856y</subfield>
      <subfield code="e">Donación Astolfo, Luis José</subfield>
      <subfield code="8">CG</subfield>
    </datafield>
    <datafield tag="952" ind1=" " ind2=" ">
      <subfield code="a">BIB_RECT</subfield>
      <subfield code="b">BIB_UACO</subfield>
      <subfield code="d">2012-04-27</subfield>
      <subfield code="y">BK</subfield>
      <subfield code="p">02-42349</subfield>
      <subfield code="i">02-42349</subfield>
      <subfield code="g">35</subfield>
      <subfield code="o">821.134.2(82) A856y</subfield>
      <subfield code="e">Donación Astolfo, Luis José</subfield>
      <subfield code="8">CG</subfield>
    </datafield>
    <datafield tag="952" ind1=" " ind2=" ">
      <subfield code="a">BIB_RECT</subfield>
      <subfield code="b">BIB_UACO</subfield>
      <subfield code="d">2012-04-27</subfield>
      <subfield code="y">BK</subfield>
      <subfield code="p">02-42350</subfield>
      <subfield code="i">02-42350</subfield>
      <subfield code="g">35</subfield>
      <subfield code="o">821.134.2(82) A856y</subfield>
      <subfield code="e">Donación Astolfo, Luis José</subfield>
      <subfield code="8">CG</subfield>
    </datafield>
    <datafield tag="952" ind1=" " ind2=" ">
      <subfield code="a">BIB_RECT</subfield>
      <subfield code="b">BIB_UACO</subfield>
      <subfield code="d">2012-04-27</subfield>
      <subfield code="y">BK</subfield>
      <subfield code="p">02-42351</subfield>
      <subfield code="i">02-42351</subfield>
      <subfield code="g">35</subfield>
      <subfield code="o">821.134.2(82) A856y</subfield>
      <subfield code="e">Donación Astolfo, Luis José</subfield>
      <subfield code="8">CG</subfield>
    </datafield>
    <datafield tag="952" ind1=" " ind2=" ">
      <subfield code="a">BIB_RECT</subfield>
      <subfield code="b">BIB_UACO</subfield>
      <subfield code="d">2012-04-27</subfield>
      <subfield code="y">BK</subfield>
      <subfield code="p">02-42352</subfield>
      <subfield code="i">02-42352</subfield>
      <subfield code="g">35</subfield>
      <subfield code="o">821.134.2(82) A856y</subfield>
      <subfield code="e">Donación Astolfo, Luis José</subfield>
      <subfield code="8">CG</subfield>
    </datafield>
    <datafield tag="952" ind1=" " ind2=" ">
      <subfield code="a">BIB_RECT</subfield>
      <subfield code="b">BIB_UACO</subfield>
      <subfield code="d">2012-04-27</subfield>
      <subfield code="y">BK</subfield>
      <subfield code="p">02-42353</subfield>
      <subfield code="i">02-42353</subfield>
      <subfield code="g">35</subfield>
      <subfield code="o">821.134.2(82) A856y</subfield>
      <subfield code="e">Donación Astolfo, Luis José</subfield>
      <subfield code="8">CG</subfield>
    </datafield>
    <datafield tag="952" ind1=" " ind2=" ">
      <subfield code="a">BIB_RECT</subfield>
      <subfield code="b">BIB_UACO</subfield>
      <subfield code="d">2012-04-27</subfield>
      <subfield code="y">BK</subfield>
      <subfield code="p">02-42354</subfield>
      <subfield code="i">02-42354</subfield>
      <subfield code="g">35</subfield>
      <subfield code="o">821.134.2(82) A856y</subfield>
      <subfield code="e">Donación Astolfo, Luis José</subfield>
      <subfield code="8">CG</subfield>
    </datafield>
    <datafield tag="952" ind1=" " ind2=" ">
      <subfield code="a">BIB_RECT</subfield>
      <subfield code="b">BIB_UACO</subfield>
      <subfield code="d">2012-04-27</subfield>
      <subfield code="y">BK</subfield>
      <subfield code="p">02-42355</subfield>
      <subfield code="i">02-42355</subfield>
      <subfield code="g">35</subfield>
      <subfield code="o">821.134.2(82) A856y</subfield>
      <subfield code="e">Donación Astolfo, Luis José</subfield>
      <subfield code="8">CG</subfield>
    </datafield>
    <datafield tag="952" ind1=" " ind2=" ">
      <subfield code="a">BIB_RECT</subfield>
      <subfield code="b">BIB_UACO</subfield>
      <subfield code="d">2012-04-27</subfield>
      <subfield code="y">BK</subfield>
      <subfield code="p">02-42356</subfield>
      <subfield code="i">02-42356</subfield>
      <subfield code="g">35</subfield>
      <subfield code="o">821.134.2(82) A856y</subfield>
      <subfield code="e">Donación Astolfo, Luis José</subfield>
      <subfield code="8">CG</subfield>
    </datafield>
    <datafield tag="952" ind1=" " ind2=" ">
      <subfield code="a">BIB_RECT</subfield>
      <subfield code="b">BIB_UACO</subfield>
      <subfield code="d">2012-04-27</subfield>
      <subfield code="y">BK</subfield>
      <subfield code="p">02-42357</subfield>
      <subfield code="i">02-42357</subfield>
      <subfield code="g">35</subfield>
      <subfield code="o">821.134.2(82) A856y</subfield>
      <subfield code="e">Donación Astolfo, Luis José</subfield>
      <subfield code="8">CG</subfield>
    </datafield>
    <datafield tag="952" ind1=" " ind2=" ">
      <subfield code="a">BIB_RECT</subfield>
      <subfield code="b">BIB_UASJ</subfield>
      <subfield code="d">2012-04-27</subfield>
      <subfield code="y">BK</subfield>
      <subfield code="p">04-42393</subfield>
      <subfield code="i">04-42393</subfield>
      <subfield code="g">35</subfield>
      <subfield code="o">821.134.2(82) A856y</subfield>
      <subfield code="e">Donación Astolfo, Luis José</subfield>
      <subfield code="8">CG</subfield>
    </datafield>
    <datafield tag="952" ind1=" " ind2=" ">
      <subfield code="a">BIB_RECT</subfield>
      <subfield code="b">BIB_UARG</subfield>
      <subfield code="d">2012-03-22</subfield>
      <subfield code="y">BK</subfield>
      <subfield code="p">05-40734</subfield>
      <subfield code="i">05-40734</subfield>
      <subfield code="g">33</subfield>
      <subfield code="o">821.134.2(82) A856y</subfield>
      <subfield code="e">Acuerdo 510</subfield>
      <subfield code="8">CG</subfield>
    </datafield>
    <datafield tag="952" ind1=" " ind2=" ">
      <subfield code="a">BIB_RECT</subfield>
      <subfield code="b">BIB_UARG</subfield>
      <subfield code="d">2012-03-22</subfield>
      <subfield code="y">BK</subfield>
      <subfield code="p">05-40735</subfield>
      <subfield code="i">05-40735</subfield>
      <subfield code="g">33</subfield>
      <subfield code="o">821.134.2(82) A856y</subfield>
      <subfield code="e">Acuerdo 510</subfield>
      <subfield code="8">CG</subfield>
    </datafield>
    <datafield tag="952" ind1=" " ind2=" ">
      <subfield code="a">BIB_RECT</subfield>
      <subfield code="b">BIB_UARG</subfield>
      <subfield code="d">2012-03-22</subfield>
      <subfield code="y">BK</subfield>
      <subfield code="p">05-40736</subfield>
      <subfield code="i">05-40736</subfield>
      <subfield code="g">33</subfield>
      <subfield code="o">821.134.2(82) A856y</subfield>
      <subfield code="e">Acuerdo 510</subfield>
      <subfield code="8">CG</subfield>
    </datafield>
    <datafield tag="952" ind1=" " ind2=" ">
      <subfield code="a">BIB_RECT</subfield>
      <subfield code="b">BIB_UARG</subfield>
      <subfield code="d">2012-03-22</subfield>
      <subfield code="y">BK</subfield>
      <subfield code="p">05-40737</subfield>
      <subfield code="i">05-40737</subfield>
      <subfield code="g">33</subfield>
      <subfield code="o">821.134.2(82) A856y</subfield>
      <subfield code="e">Acuerdo 510</subfield>
      <subfield code="8">CG</subfield>
    </datafield>
    <datafield tag="952" ind1=" " ind2=" ">
      <subfield code="a">BIB_RECT</subfield>
      <subfield code="b">BIB_UARG</subfield>
      <subfield code="d">2012-03-22</subfield>
      <subfield code="y">BK</subfield>
      <subfield code="p">05-40738</subfield>
      <subfield code="i">05-40738</subfield>
      <subfield code="g">33</subfield>
      <subfield code="o">821.134.2(82) A856y</subfield>
      <subfield code="e">Acuerdo 510</subfield>
      <subfield code="8">CG</subfield>
    </datafield>
    <datafield tag="952" ind1=" " ind2=" ">
      <subfield code="a">BIB_RECT</subfield>
      <subfield code="b">BIB_UARG</subfield>
      <subfield code="d">2012-03-22</subfield>
      <subfield code="y">BK</subfield>
      <subfield code="p">05-40739</subfield>
      <subfield code="i">05-40739</subfield>
      <subfield code="g">33</subfield>
      <subfield code="o">821.134.2(82) A856y</subfield>
      <subfield code="e">Acuerdo 510</subfield>
      <subfield code="8">CG</subfield>
    </datafield>
    <datafield tag="952" ind1=" " ind2=" ">
      <subfield code="a">BIB_RECT</subfield>
      <subfield code="b">BIB_UARG</subfield>
      <subfield code="d">2012-03-22</subfield>
      <subfield code="y">BK</subfield>
      <subfield code="p">05-40740</subfield>
      <subfield code="i">05-40740</subfield>
      <subfield code="g">33</subfield>
      <subfield code="o">821.134.2(82) A856y</subfield>
      <subfield code="e">Acuerdo 510</subfield>
      <subfield code="8">CG</subfield>
    </datafield>
    <datafield tag="952" ind1=" " ind2=" ">
      <subfield code="a">BIB_RECT</subfield>
      <subfield code="b">BIB_UARG</subfield>
      <subfield code="d">2012-03-22</subfield>
      <subfield code="y">BK</subfield>
      <subfield code="p">05-40741</subfield>
      <subfield code="i">05-40741</subfield>
      <subfield code="g">33</subfield>
      <subfield code="o">821.134.2(82) A856y</subfield>
      <subfield code="e">Acuerdo 510</subfield>
      <subfield code="8">CG</subfield>
    </datafield>
  </record>