
  <record>
    <leader>01000aam  22002601a 4500</leader>
    <controlfield tag="001">YPZ94883</controlfield>
    <controlfield tag="003">YPZ</controlfield>
    <controlfield tag="005">201203221636320</controlfield>
    <controlfield tag="008">120322|###########||||||b||||||||||spa|d</controlfield>
    <datafield tag="020" ind1=" " ind2=" ">
      <subfield code="a">8424500040</subfield>
    </datafield>
    <datafield tag="040" ind1=" " ind2=" ">
      <subfield code="c">SIUNPA</subfield>
    </datafield>
    <datafield tag="041" ind1=" " ind2=" ">
      <subfield code="a">spa</subfield>
    </datafield>
    <datafield tag="044" ind1=" " ind2=" ">
      <subfield code="a">ES</subfield>
    </datafield>
    <datafield tag="080" ind1=" " ind2=" ">
      <subfield code="a">82-34 P965m8</subfield>
    </datafield>
    <datafield tag="100" ind1=" " ind2=" ">
      <subfield code="a">Propp, Vladimir.</subfield>
    </datafield>
    <datafield tag="245" ind1=" " ind2=" ">
      <subfield code="a">Morfología del cuento</subfield>
    </datafield>
    <datafield tag="250" ind1=" " ind2=" ">
      <subfield code="a">8a ed.</subfield>
    </datafield>
    <datafield tag="260" ind1=" " ind2=" ">
      <subfield code="a">Madrid</subfield>
      <subfield code="b"> : Fundamentos</subfield>
      <subfield code="c"> , 1992</subfield>
    </datafield>
    <datafield tag="440" ind1=" " ind2=" ">
      <subfield code="a">The year book of medicine 1994</subfield>
      <subfield code="a">The year book of medicine 1994</subfield>
      <subfield code="a">Colección ciencia y técnica. Sección química y tecnología química</subfield>
      <subfield code="a">Continua neurológica</subfield>
      <subfield code="a">The year book of medicine 1998</subfield>
      <subfield code="a">Investigaciones y ensayos / Biblos</subfield>
      <subfield code="a">Nueva colección Clío</subfield>
      <subfield code="a">Colección Arte. Serie crítica</subfield>
      <subfield code="v">21</subfield>
    </datafield>
    <datafield tag="490" ind1=" " ind2=" ">
      <subfield code="a">The year book of medicine 1994</subfield>
      <subfield code="a">The year book of medicine 1994</subfield>
      <subfield code="a">Colección ciencia y técnica. Sección química y tecnología química</subfield>
      <subfield code="a">Continua neurológica</subfield>
      <subfield code="a">The year book of medicine 1998</subfield>
      <subfield code="a">Investigaciones y ensayos / Biblos</subfield>
      <subfield code="a">Nueva colección Clío</subfield>
      <subfield code="a">Colección Arte. Serie crítica</subfield>
      <subfield code="v">21</subfield>
    </datafield>
    <datafield tag="500" ind1=" " ind2=" ">
      <subfield code="a">Con: Las transformaciones de los cuentos maravillosos / Vladimir Propp -- El estudio estructural y tipológico del cuento / E. Mélétinski</subfield>
    </datafield>
    <datafield tag="650" ind1=" " ind2=" ">
      <subfield code="a"> CUENTO  CRITICA LITERARIA</subfield>
    </datafield>
    <datafield tag="650" ind1=" " ind2=" ">
      <subfield code="a"> LITERATURA FOLCLORICA</subfield>
    </datafield>
    <datafield tag="650" ind1=" " ind2=" ">
      <subfield code="a"> ANALISIS LITERARIO </subfield>
    </datafield>
    <datafield tag="650" ind1=" " ind2=" ">
      <subfield code="a"> TRADICION ORAL</subfield>
    </datafield>
    <datafield tag="942" ind1=" " ind2=" ">
      <subfield code="c">BK</subfield>
    </datafield>
    <datafield tag="952" ind1=" " ind2=" ">
      <subfield code="a">BIB_RECT</subfield>
      <subfield code="b">BIB_UARG</subfield>
      <subfield code="d">2012-03-22</subfield>
      <subfield code="y">BK</subfield>
      <subfield code="p">05-08410</subfield>
      <subfield code="i">05-08410</subfield>
      <subfield code="g">59</subfield>
      <subfield code="o">82-34 P965m8</subfield>
      <subfield code="e">SUB.NAC./94</subfield>
      <subfield code="8">CG</subfield>
    </datafield>
  </record>