
  <record>
    <leader>01000aam  22002601a 4500</leader>
    <controlfield tag="001">YPZ94916</controlfield>
    <controlfield tag="003">YPZ</controlfield>
    <controlfield tag="005">201203271905290</controlfield>
    <controlfield tag="008">120327|###########||||||b||||||||||spa|d</controlfield>
    <datafield tag="020" ind1=" " ind2=" ">
      <subfield code="a">9505188226</subfield>
    </datafield>
    <datafield tag="040" ind1=" " ind2=" ">
      <subfield code="c">SIUNPA</subfield>
    </datafield>
    <datafield tag="041" ind1=" " ind2=" ">
      <subfield code="a">spa</subfield>
    </datafield>
    <datafield tag="044" ind1=" " ind2=" ">
      <subfield code="a">AR</subfield>
    </datafield>
    <datafield tag="080" ind1=" " ind2=" ">
      <subfield code="a">37.02 J124p</subfield>
    </datafield>
    <datafield tag="100" ind1=" " ind2=" ">
      <subfield code="a">Jackson, Philip W..</subfield>
    </datafield>
    <datafield tag="245" ind1=" " ind2=" ">
      <subfield code="a">Práctica de la enseñanza</subfield>
      <subfield code="c"> / Vitale, Gloria, tr.</subfield>
    </datafield>
    <datafield tag="260" ind1=" " ind2=" ">
      <subfield code="a">Buenos Aires</subfield>
      <subfield code="b"> : Amorrortu</subfield>
      <subfield code="c"> , 2002</subfield>
    </datafield>
    <datafield tag="650" ind1=" " ind2=" ">
      <subfield code="a"> ENSEÑANZA  DIDACTICA</subfield>
    </datafield>
    <datafield tag="650" ind1=" " ind2=" ">
      <subfield code="a"> METODOS DE ENSEÑANZA</subfield>
    </datafield>
    <datafield tag="942" ind1=" " ind2=" ">
      <subfield code="c">BK</subfield>
    </datafield>
    <datafield tag="952" ind1=" " ind2=" ">
      <subfield code="a">BIB_RECT</subfield>
      <subfield code="b">BIB_UASJ</subfield>
      <subfield code="d">2012-03-27</subfield>
      <subfield code="y">BK</subfield>
      <subfield code="p">04-42151</subfield>
      <subfield code="i">04-42151</subfield>
      <subfield code="g">70.4</subfield>
      <subfield code="o">37.02 J124p</subfield>
      <subfield code="e">Compra SIUNPA</subfield>
      <subfield code="8">CG</subfield>
    </datafield>
    <datafield tag="952" ind1=" " ind2=" ">
      <subfield code="a">BIB_RECT</subfield>
      <subfield code="b">SAT_PBNA</subfield>
      <subfield code="d">2012-04-04</subfield>
      <subfield code="y">BK</subfield>
      <subfield code="p">11-42262</subfield>
      <subfield code="i">11-42262</subfield>
      <subfield code="g">70.4</subfield>
      <subfield code="o">37.02 J124p</subfield>
      <subfield code="e">Compra SIUNPA</subfield>
      <subfield code="8">CG</subfield>
    </datafield>
    <datafield tag="952" ind1=" " ind2=" ">
      <subfield code="a">BIB_RECT</subfield>
      <subfield code="b">SAT_GREG</subfield>
      <subfield code="d">2012-04-04</subfield>
      <subfield code="y">BK</subfield>
      <subfield code="p">18-42265</subfield>
      <subfield code="i">18-42265</subfield>
      <subfield code="g">70.4</subfield>
      <subfield code="o">37.02 J124p</subfield>
      <subfield code="e">Compra SIUNPA</subfield>
      <subfield code="8">CG</subfield>
    </datafield>
  </record>