
  <record>
    <leader>01000aam  22002601a 4500</leader>
    <controlfield tag="001">YPZ94925</controlfield>
    <controlfield tag="003">YPZ</controlfield>
    <controlfield tag="005">201203281518160</controlfield>
    <controlfield tag="008">120328|###########||||||b||||||||||spa|d</controlfield>
    <datafield tag="020" ind1=" " ind2=" ">
      <subfield code="a">9688807281</subfield>
    </datafield>
    <datafield tag="040" ind1=" " ind2=" ">
      <subfield code="c">SIUNPA</subfield>
    </datafield>
    <datafield tag="041" ind1=" " ind2=" ">
      <subfield code="a">spa</subfield>
    </datafield>
    <datafield tag="044" ind1=" " ind2=" ">
      <subfield code="a">MX</subfield>
    </datafield>
    <datafield tag="080" ind1=" " ind2=" ">
      <subfield code="a">65.017.2 B278e</subfield>
    </datafield>
    <datafield tag="100" ind1=" " ind2=" ">
      <subfield code="a">Barrow, Colin.</subfield>
    </datafield>
    <datafield tag="245" ind1=" " ind2=" ">
      <subfield code="a">La esencia de la administración de pequeñas empresas</subfield>
      <subfield code="c"> / Mesa Staines de Gárate, Guadalupe, tr. ; García R., Miguel A., rev. técnica</subfield>
    </datafield>
    <datafield tag="260" ind1=" " ind2=" ">
      <subfield code="a">Naucalpan de Juárez</subfield>
      <subfield code="b"> : Prentice-Hall Hispanoamericana</subfield>
      <subfield code="c"> , 1996</subfield>
    </datafield>
    <datafield tag="300" ind1=" " ind2=" ">
      <subfield code="a">372 p. : </subfield>
      <subfield code="a">206 p. : </subfield>
      <subfield code="b">il. ; </subfield>
      <subfield code="a">238 p. : </subfield>
      <subfield code="a">xxv, 455 p. : </subfield>
      <subfield code="b">il. ; </subfield>
      <subfield code="a">283 p. : </subfield>
      <subfield code="b">il. ; </subfield>
      <subfield code="a">230 p. : </subfield>
      <subfield code="b">il. ; </subfield>
      <subfield code="a">223 p. : </subfield>
      <subfield code="a">223 p. : </subfield>
      <subfield code="a">243 p. : </subfield>
      <subfield code="a">151 p. : </subfield>
      <subfield code="a">398 p. : </subfield>
      <subfield code="a">133 p. : </subfield>
      <subfield code="a">159 p. : </subfield>
      <subfield code="a">589 p. : </subfield>
      <subfield code="b">il. ; </subfield>
      <subfield code="a">239 p. : </subfield>
      <subfield code="a">68 h. : </subfield>
      <subfield code="b">il. ; </subfield>
      <subfield code="a">138 p. : </subfield>
      <subfield code="a">222 p. : </subfield>
      <subfield code="a">193 p. : </subfield>
      <subfield code="b">il. ; </subfield>
      <subfield code="a">xv, 222 p. : </subfield>
      <subfield code="a">li, 240 p. : </subfield>
      <subfield code="a">li, 240 p. : </subfield>
      <subfield code="a">169 p. : </subfield>
      <subfield code="a">271 p. : </subfield>
      <subfield code="a">xv, 886 p. : </subfield>
      <subfield code="b">il. ; </subfield>
      <subfield code="a">vii, 351 p. : </subfield>
      <subfield code="b">il. ; </subfield>
      <subfield code="a">vii, 351 p. : </subfield>
      <subfield code="b">il. ; </subfield>
      <subfield code="a">169 p. : </subfield>
      <subfield code="a">357 p. : </subfield>
      <subfield code="a">2 v. : </subfield>
      <subfield code="a">357 p. : </subfield>
      <subfield code="a">323 p. : </subfield>
      <subfield code="b">il. ; </subfield>
      <subfield code="a">362 p. : </subfield>
      <subfield code="b">il. ; </subfield>
      <subfield code="a">535 p. : </subfield>
      <subfield code="a">559 p. : </subfield>
      <subfield code="b">il. ; </subfield>
      <subfield code="a">359 p. : </subfield>
      <subfield code="a">194 p. : </subfield>
      <subfield code="a">151 p. : </subfield>
      <subfield code="a">547 p. : </subfield>
      <subfield code="a">161 p. : </subfield>
      <subfield code="a">97 p. : </subfield>
      <subfield code="a">xviii, 616 p. : </subfield>
      <subfield code="b">il. ; </subfield>
      <subfield code="a">160 p. : </subfield>
      <subfield code="a">246 p. : </subfield>
      <subfield code="b">il. ; </subfield>
      <subfield code="a">161 p. : </subfield>
      <subfield code="a">31 p. : </subfield>
      <subfield code="a">252 p. : </subfield>
      <subfield code="a">2 v. : </subfield>
      <subfield code="a">vi, 400 p. : </subfield>
      <subfield code="a">vii, 331 p. : </subfield>
      <subfield code="b">il. ; </subfield>
      <subfield code="a">325 p. : </subfield>
      <subfield code="a">468 p. : </subfield>
      <subfield code="a">363 p. : </subfield>
      <subfield code="a">218 p. : </subfield>
      <subfield code="a">vii, 331 p. : </subfield>
      <subfield code="b">il. ; </subfield>
      <subfield code="a">111 p. : </subfield>
      <subfield code="a">3 v. : </subfield>
      <subfield code="a">149 p. : </subfield>
      <subfield code="a">149 p. : </subfield>
      <subfield code="a">x, 359 p. : </subfield>
      <subfield code="b">il. ; </subfield>
      <subfield code="a">731 p. : </subfield>
      <subfield code="b">il. ; </subfield>
      <subfield code="a">167 p. : </subfield>
      <subfield code="a">478 p. : </subfield>
      <subfield code="b">il. ; </subfield>
      <subfield code="a">iii, 132 p. : </subfield>
      <subfield code="b">il. ; </subfield>
      <subfield code="a">169 p. : </subfield>
      <subfield code="a">111 p. : </subfield>
      <subfield code="a">284 p. : </subfield>
      <subfield code="a">287 p. : </subfield>
      <subfield code="b">il. ; </subfield>
      <subfield code="a">585 p. : </subfield>
      <subfield code="a">313 p. : </subfield>
      <subfield code="a">292 p. : </subfield>
      <subfield code="a">149 p. : </subfield>
      <subfield code="a">316 p. : </subfield>
      <subfield code="a">xv, 463 p. : </subfield>
      <subfield code="b">il. ; </subfield>
      <subfield code="a">204 p. : </subfield>
      <subfield code="b">il. ; </subfield>
      <subfield code="a">474 p. : </subfield>
      <subfield code="a">xiv, 299 p. : </subfield>
      <subfield code="b">il. ; </subfield>
      <subfield code="a">2 v. : </subfield>
      <subfield code="a">473 p. : </subfield>
      <subfield code="b">il. ; </subfield>
      <subfield code="a">473 p. : </subfield>
      <subfield code="b">il. ; </subfield>
      <subfield code="a">223 p. : </subfield>
      <subfield code="a">1107 p. : </subfield>
      <subfield code="b">il. ; </subfield>
      <subfield code="a">xiv, 482 p. : </subfield>
      <subfield code="b">il. ; </subfield>
      <subfield code="a">228 p. : </subfield>
      <subfield code="a">726 p. : </subfield>
      <subfield code="b">il. ; </subfield>
      <subfield code="a">92 p. : </subfield>
      <subfield code="b">il. ; </subfield>
      <subfield code="a">357 p. : </subfield>
      <subfield code="a">550 p. : </subfield>
      <subfield code="a">170 p. : </subfield>
      <subfield code="b">il. ; </subfield>
      <subfield code="a">360 p. : </subfield>
      <subfield code="a">232 p. : </subfield>
      <subfield code="a">613 p. : </subfield>
      <subfield code="a">300 p. : </subfield>
      <subfield code="b">il. ; </subfield>
      <subfield code="a">[194] h. en varias foliaciones : </subfield>
      <subfield code="b">cuadros ; </subfield>
      <subfield code="a">67 p. : </subfield>
      <subfield code="b">il. ; </subfield>
      <subfield code="a">143 p. : </subfield>
      <subfield code="b">il. ; </subfield>
      <subfield code="a">xi, 506 p. : </subfield>
      <subfield code="b">il. ; </subfield>
      <subfield code="a">xxxvii, 726 p. : </subfield>
      <subfield code="b">il. ; </subfield>
      <subfield code="a">311 p. : </subfield>
      <subfield code="b">cuadros ; </subfield>
      <subfield code="a">200 p. : </subfield>
      <subfield code="b">il. ; </subfield>
      <subfield code="a">364 p. : </subfield>
      <subfield code="a">vii, 413 p. : </subfield>
      <subfield code="b">il. ; </subfield>
      <subfield code="a">174 p. : </subfield>
      <subfield code="a">151 p. : </subfield>
      <subfield code="a">340 p. : </subfield>
      <subfield code="a">132 p. : </subfield>
      <subfield code="a">li, 1088 p. : </subfield>
      <subfield code="b">il. ; </subfield>
      <subfield code="a">271 p. : </subfield>
      <subfield code="a">398 p. : </subfield>
      <subfield code="a">117 p. : </subfield>
      <subfield code="b">il. ; </subfield>
      <subfield code="a">184 p. : </subfield>
      <subfield code="a">211 p. : </subfield>
      <subfield code="a">105 p. : </subfield>
      <subfield code="a">p. 449-547 : </subfield>
      <subfield code="b">il. ; </subfield>
      <subfield code="a">p. 829-903 : </subfield>
      <subfield code="b">il. ; </subfield>
      <subfield code="a">vi, p. 773-844 : </subfield>
      <subfield code="b">il. ; </subfield>
      <subfield code="a">xxv, p. 3-110 : </subfield>
      <subfield code="b">il. ; </subfield>
      <subfield code="a">p. 309-446 : </subfield>
      <subfield code="b">il. ; </subfield>
      <subfield code="a">iv, p. 579-652 : </subfield>
      <subfield code="b">il. ; </subfield>
      <subfield code="a">p. 751-825 : </subfield>
      <subfield code="b">il. ; </subfield>
      <subfield code="a">v, p. 551-656 : </subfield>
      <subfield code="b">il. ; </subfield>
      <subfield code="a">xvi, 910 p. : </subfield>
      <subfield code="b">il. ; </subfield>
      <subfield code="a">3 fasc. (96 p.) : </subfield>
      <subfield code="b">il. ; </subfield>
      <subfield code="a">ii, p. 213-281 : </subfield>
      <subfield code="b">il. ; </subfield>
      <subfield code="a">149 p. : </subfield>
      <subfield code="a">212 p. : </subfield>
      <subfield code="a">932 p. : </subfield>
      <subfield code="b">il. ; </subfield>
      <subfield code="a">99 p. : </subfield>
      <subfield code="b">il. ; </subfield>
      <subfield code="a">234 p. : </subfield>
      <subfield code="b">il. ; </subfield>
      <subfield code="a">xiv, 959 p. : </subfield>
      <subfield code="b">il. ; </subfield>
      <subfield code="a">125 p. : </subfield>
      <subfield code="a">xix, 694 p. : </subfield>
      <subfield code="b">il. ; </subfield>
      <subfield code="a">2 v. : </subfield>
      <subfield code="a">132 p. : </subfield>
      <subfield code="a">193 p. : </subfield>
      <subfield code="a">293 p. : </subfield>
      <subfield code="a">xix, 234 p. : </subfield>
      <subfield code="b">cuadros ; </subfield>
      <subfield code="a">253 p. : </subfield>
      <subfield code="b">cuadros ; </subfield>
      <subfield code="a">523 p. : </subfield>
      <subfield code="a">189 p. : </subfield>
      <subfield code="a">157 p. : </subfield>
      <subfield code="b">il. ; </subfield>
      <subfield code="a">351 p. : </subfield>
      <subfield code="a">250 p. : </subfield>
      <subfield code="a">664 p. : </subfield>
      <subfield code="b">il. ; </subfield>
      <subfield code="a">xviii, 797 p. : </subfield>
      <subfield code="b">il. ; </subfield>
      <subfield code="a">282 p. : </subfield>
      <subfield code="b">il. ; </subfield>
      <subfield code="a">334 p. : </subfield>
      <subfield code="a">190 p. : </subfield>
      <subfield code="a">226 p. : </subfield>
      <subfield code="a">xxxiii, 826 p. : </subfield>
      <subfield code="b">il. ; </subfield>
      <subfield code="a">xv, 223 p. : </subfield>
      <subfield code="a">210 p. : </subfield>
      <subfield code="a">xii, 264 p. : </subfield>
      <subfield code="b">il. ; </subfield>
      <subfield code="a">494 p. : </subfield>
      <subfield code="b">il. ; </subfield>
      <subfield code="a">xxvii, 299 p. : </subfield>
      <subfield code="b">il. ; </subfield>
      <subfield code="a">99 p. : </subfield>
      <subfield code="a">x, 196 p. : </subfield>
      <subfield code="b">il. ; </subfield>
      <subfield code="e">1 diskette 3 1/2 en bolsillo</subfield>
    </datafield>
    <datafield tag="440" ind1=" " ind2=" ">
      <subfield code="a">Educación crítica</subfield>
      <subfield code="a">Colección Ciencias Sociales. Novedades</subfield>
      <subfield code="a">Serie de compendios Schaum</subfield>
      <subfield code="a">Los fundamentos de las ciencias del hombre</subfield>
      <subfield code="v">La esencia de...</subfield>
    </datafield>
    <datafield tag="490" ind1=" " ind2=" ">
      <subfield code="a">Educación crítica</subfield>
      <subfield code="a">Colección Ciencias Sociales. Novedades</subfield>
      <subfield code="a">Serie de compendios Schaum</subfield>
      <subfield code="a">Los fundamentos de las ciencias del hombre</subfield>
      <subfield code="v">La esencia de...</subfield>
    </datafield>
    <datafield tag="650" ind1=" " ind2=" ">
      <subfield code="a"> PEQUEÑA Y MEDIANA EMPRESA</subfield>
    </datafield>
    <datafield tag="650" ind1=" " ind2=" ">
      <subfield code="a"> GESTION EMPRESARIAL</subfield>
    </datafield>
    <datafield tag="942" ind1=" " ind2=" ">
      <subfield code="c">BK</subfield>
    </datafield>
    <datafield tag="952" ind1=" " ind2=" ">
      <subfield code="a">BIB_RECT</subfield>
      <subfield code="b">BIB_UACO</subfield>
      <subfield code="d">2013-09-30</subfield>
      <subfield code="y">BK</subfield>
      <subfield code="p">02-03852</subfield>
      <subfield code="i">02-03852</subfield>
      <subfield code="g">69</subfield>
      <subfield code="o">65.017.2 B278e</subfield>
      <subfield code="e">Compra UACO</subfield>
      <subfield code="8">CG</subfield>
    </datafield>
    <datafield tag="952" ind1=" " ind2=" ">
      <subfield code="a">BIB_RECT</subfield>
      <subfield code="b">BIB_UART</subfield>
      <subfield code="d">2012-03-28</subfield>
      <subfield code="y">BK</subfield>
      <subfield code="p">03-00933</subfield>
      <subfield code="i">03-00933</subfield>
      <subfield code="g">54</subfield>
      <subfield code="o">65.017.2 B278e</subfield>
      <subfield code="e">Migración UART</subfield>
      <subfield code="8">CG</subfield>
    </datafield>
    <datafield tag="952" ind1=" " ind2=" ">
      <subfield code="a">BIB_RECT</subfield>
      <subfield code="b">BIB_UART</subfield>
      <subfield code="d">2012-03-28</subfield>
      <subfield code="y">BK</subfield>
      <subfield code="p">03-00934</subfield>
      <subfield code="i">03-00934</subfield>
      <subfield code="g">54</subfield>
      <subfield code="o">65.017.2 B278e</subfield>
      <subfield code="e">Migración UART</subfield>
      <subfield code="8">CG</subfield>
    </datafield>
    <datafield tag="952" ind1=" " ind2=" ">
      <subfield code="a">BIB_RECT</subfield>
      <subfield code="b">BIB_UART</subfield>
      <subfield code="d">2012-03-28</subfield>
      <subfield code="y">BK</subfield>
      <subfield code="p">03-01028</subfield>
      <subfield code="i">03-01028</subfield>
      <subfield code="g">54</subfield>
      <subfield code="o">65.017.2 B278e</subfield>
      <subfield code="e">Migración UART</subfield>
      <subfield code="8">CG</subfield>
    </datafield>
    <datafield tag="952" ind1=" " ind2=" ">
      <subfield code="a">BIB_RECT</subfield>
      <subfield code="b">BIB_UASJ</subfield>
      <subfield code="d">2012-03-28</subfield>
      <subfield code="y">BK</subfield>
      <subfield code="p">04-00848</subfield>
      <subfield code="i">04-00848</subfield>
      <subfield code="g">54</subfield>
      <subfield code="o">65.017.2 B278e</subfield>
      <subfield code="e">Migración UASJ</subfield>
      <subfield code="8">CG</subfield>
    </datafield>
  </record>