
  <record>
    <leader>01000aam  22002601a 4500</leader>
    <controlfield tag="001">YPZ94938</controlfield>
    <controlfield tag="003">YPZ</controlfield>
    <controlfield tag="005">201203291700380</controlfield>
    <controlfield tag="008">120329|###########||||||b||||||||||spa|d</controlfield>
    <datafield tag="020" ind1=" " ind2=" ">
      <subfield code="a">8497322991</subfield>
    </datafield>
    <datafield tag="040" ind1=" " ind2=" ">
      <subfield code="c">SIUNPA</subfield>
    </datafield>
    <datafield tag="041" ind1=" " ind2=" ">
      <subfield code="a">spa</subfield>
    </datafield>
    <datafield tag="044" ind1=" " ind2=" ">
      <subfield code="a">ES</subfield>
    </datafield>
    <datafield tag="080" ind1=" " ind2=" ">
      <subfield code="a">338.48 M644d</subfield>
    </datafield>
    <datafield tag="100" ind1=" " ind2=" ">
      <subfield code="a">Milio Balanzá, Isabel.</subfield>
    </datafield>
    <datafield tag="245" ind1=" " ind2=" ">
      <subfield code="a">Diseño y comercialización de productos turísticos locales y regionales</subfield>
    </datafield>
    <datafield tag="260" ind1=" " ind2=" ">
      <subfield code="a">Madrid</subfield>
      <subfield code="b"> : Paraninfo</subfield>
      <subfield code="c"> , 2004</subfield>
    </datafield>
    <datafield tag="650" ind1=" " ind2=" ">
      <subfield code="a"> TURISMO  DEMANDA TURISTICA</subfield>
    </datafield>
    <datafield tag="650" ind1=" " ind2=" ">
      <subfield code="a"> MARKETING</subfield>
    </datafield>
    <datafield tag="650" ind1=" " ind2=" ">
      <subfield code="a"> PLAN DE MARKETING</subfield>
    </datafield>
    <datafield tag="650" ind1=" " ind2=" ">
      <subfield code="a"> SERVICIOS TURISTICOS</subfield>
    </datafield>
    <datafield tag="942" ind1=" " ind2=" ">
      <subfield code="c">BK</subfield>
    </datafield>
    <datafield tag="952" ind1=" " ind2=" ">
      <subfield code="a">BIB_RECT</subfield>
      <subfield code="b">BIB_UARG</subfield>
      <subfield code="d">2012-03-29</subfield>
      <subfield code="y">BK</subfield>
      <subfield code="p">05-42178</subfield>
      <subfield code="i">05-42178</subfield>
      <subfield code="g">143</subfield>
      <subfield code="o">338.48 M644d</subfield>
      <subfield code="e">Compra SIUNPA</subfield>
      <subfield code="8">CG</subfield>
    </datafield>
    <datafield tag="952" ind1=" " ind2=" ">
      <subfield code="a">BIB_RECT</subfield>
      <subfield code="b">BIB_UARG</subfield>
      <subfield code="d">2014-03-14</subfield>
      <subfield code="y">BK</subfield>
      <subfield code="p">05-46016</subfield>
      <subfield code="i">05-46016</subfield>
      <subfield code="g">191</subfield>
      <subfield code="o">338.48 M644d</subfield>
      <subfield code="e">OC 055/13 - EXTE.9579/13</subfield>
      <subfield code="8">CG</subfield>
    </datafield>
    <datafield tag="952" ind1=" " ind2=" ">
      <subfield code="a">BIB_RECT</subfield>
      <subfield code="b">BIB_UARG</subfield>
      <subfield code="d">2014-03-14</subfield>
      <subfield code="y">BK</subfield>
      <subfield code="p">05-46017</subfield>
      <subfield code="i">05-46017</subfield>
      <subfield code="g">191</subfield>
      <subfield code="o">338.48 M644d</subfield>
      <subfield code="e">OC 055/13 - EXTE.9579/13</subfield>
      <subfield code="8">CG</subfield>
    </datafield>
    <datafield tag="952" ind1=" " ind2=" ">
      <subfield code="a">BIB_RECT</subfield>
      <subfield code="b">BIB_UARG</subfield>
      <subfield code="d">2014-03-14</subfield>
      <subfield code="y">BK</subfield>
      <subfield code="p">05-46018</subfield>
      <subfield code="i">05-46018</subfield>
      <subfield code="g">191</subfield>
      <subfield code="o">338.48 M644d</subfield>
      <subfield code="e">OC 055/13 - EXTE.9579/13</subfield>
      <subfield code="8">CG</subfield>
    </datafield>
  </record>