
  <record>
    <leader>01000aam  22002601a 4500</leader>
    <controlfield tag="001">YPZ94955</controlfield>
    <controlfield tag="003">YPZ</controlfield>
    <controlfield tag="005">201204031707570</controlfield>
    <controlfield tag="008">120403|###########||||||b||||||||||spa|d</controlfield>
    <datafield tag="022" ind1=" " ind2=" ">
      <subfield code="a">16679199</subfield>
    </datafield>
    <datafield tag="040" ind1=" " ind2=" ">
      <subfield code="c">SIUNPA</subfield>
    </datafield>
    <datafield tag="041" ind1=" " ind2=" ">
      <subfield code="a">spa</subfield>
    </datafield>
    <datafield tag="044" ind1=" " ind2=" ">
      <subfield code="a">AR</subfield>
    </datafield>
    <datafield tag="080" ind1=" " ind2=" ">
      <subfield code="a">633.2 F728f</subfield>
    </datafield>
    <datafield tag="100" ind1=" " ind2=" ">
      <subfield code="a">Bragachini, Mario.</subfield>
    </datafield>
    <datafield tag="700" ind1=" " ind2=" ">
      <subfield code="a">Cattani, Pablo.</subfield>
    </datafield>
    <datafield tag="700" ind1=" " ind2=" ">
      <subfield code="a">Gallardo, Miriam.</subfield>
    </datafield>
    <datafield tag="700" ind1=" " ind2=" ">
      <subfield code="a">Peiretti, José.</subfield>
    </datafield>
    <datafield tag="245" ind1=" " ind2=" ">
      <subfield code="a">Forrajes conservados de alta calidad y aspectos relacionados al manejo nutricional</subfield>
    </datafield>
    <datafield tag="260" ind1=" " ind2=" ">
      <subfield code="a">Manfredi</subfield>
      <subfield code="b"> : Estación Experimental Agropecuaria Manfredi, INTA</subfield>
      <subfield code="c"> , 2008</subfield>
    </datafield>
    <datafield tag="440" ind1=" " ind2=" ">
      <subfield code="a">Enciclopedia lógica</subfield>
      <subfield code="a">Seix Barral. Biblioteca Formentor</subfield>
      <subfield code="a">Colección temas de turismo</subfield>
      <subfield code="a">Manual Técnico / INTA. PRECOP II</subfield>
      <subfield code="v">no. 6</subfield>
    </datafield>
    <datafield tag="490" ind1=" " ind2=" ">
      <subfield code="a">Enciclopedia lógica</subfield>
      <subfield code="a">Seix Barral. Biblioteca Formentor</subfield>
      <subfield code="a">Colección temas de turismo</subfield>
      <subfield code="a">Manual Técnico / INTA. PRECOP II</subfield>
      <subfield code="v">no. 6</subfield>
    </datafield>
    <datafield tag="650" ind1=" " ind2=" ">
      <subfield code="a"> FORRAJES</subfield>
    </datafield>
    <datafield tag="650" ind1=" " ind2=" ">
      <subfield code="a"> ENSILADO</subfield>
    </datafield>
    <datafield tag="650" ind1=" " ind2=" ">
      <subfield code="a"> HENIFICACION</subfield>
    </datafield>
    <datafield tag="650" ind1=" " ind2=" ">
      <subfield code="a"> PLANTAS FORRAJERAS</subfield>
    </datafield>
    <datafield tag="650" ind1=" " ind2=" ">
      <subfield code="a"> NUTRICION ANIMAL</subfield>
    </datafield>
    <datafield tag="942" ind1=" " ind2=" ">
      <subfield code="c">BK</subfield>
    </datafield>
    <datafield tag="952" ind1=" " ind2=" ">
      <subfield code="a">BIB_RECT</subfield>
      <subfield code="b">BIB_UART</subfield>
      <subfield code="d">2012-03-30</subfield>
      <subfield code="y">BK</subfield>
      <subfield code="p">03-42250</subfield>
      <subfield code="i">03-42250</subfield>
      <subfield code="g">69.9</subfield>
      <subfield code="o">633.2 F728f</subfield>
      <subfield code="e">Compra SIUNPA</subfield>
      <subfield code="8">CG</subfield>
    </datafield>
    <datafield tag="952" ind1=" " ind2=" ">
      <subfield code="a">BIB_RECT</subfield>
      <subfield code="b">BIB_UART</subfield>
      <subfield code="d">2012-12-03</subfield>
      <subfield code="y">BK</subfield>
      <subfield code="p">03-43605</subfield>
      <subfield code="i">03-43605</subfield>
      <subfield code="g">90</subfield>
      <subfield code="o">633.2 F728f</subfield>
      <subfield code="e">Donación Inta</subfield>
      <subfield code="8">CG</subfield>
    </datafield>
    <datafield tag="952" ind1=" " ind2=" ">
      <subfield code="a">BIB_RECT</subfield>
      <subfield code="b">BIB_UART</subfield>
      <subfield code="d">2012-12-03</subfield>
      <subfield code="y">BK</subfield>
      <subfield code="p">03-43606</subfield>
      <subfield code="i">03-43606</subfield>
      <subfield code="g">90</subfield>
      <subfield code="o">633.2 F728f</subfield>
      <subfield code="e">Donación Inta</subfield>
      <subfield code="8">CG</subfield>
    </datafield>
  </record>