
  <record>
    <leader>01000aam  22002601a 4500</leader>
    <controlfield tag="001">YPZ94969</controlfield>
    <controlfield tag="003">YPZ</controlfield>
    <controlfield tag="005">201204041758200</controlfield>
    <controlfield tag="008">120404|###########||||||b||||||||||spa|d</controlfield>
    <datafield tag="020" ind1=" " ind2=" ">
      <subfield code="a">9789501267129</subfield>
    </datafield>
    <datafield tag="040" ind1=" " ind2=" ">
      <subfield code="c">SIUNPA</subfield>
    </datafield>
    <datafield tag="041" ind1=" " ind2=" ">
      <subfield code="a">spa</subfield>
    </datafield>
    <datafield tag="044" ind1=" " ind2=" ">
      <subfield code="a">AR</subfield>
    </datafield>
    <datafield tag="080" ind1=" " ind2=" ">
      <subfield code="a">299.513 J951s</subfield>
    </datafield>
    <datafield tag="100" ind1=" " ind2=" ">
      <subfield code="a">Jung, Carl Gustav.</subfield>
    </datafield>
    <datafield tag="700" ind1=" " ind2=" ">
      <subfield code="a">Wilhelm, Richard.</subfield>
    </datafield>
    <datafield tag="245" ind1=" " ind2=" ">
      <subfield code="a">El secreto de la flor de oro</subfield>
      <subfield code="b"> : un libro de la vida chino</subfield>
      <subfield code="c"> / Pope, Roberto, tr.</subfield>
    </datafield>
    <datafield tag="250" ind1=" " ind2=" ">
      <subfield code="a">1a ed.</subfield>
    </datafield>
    <datafield tag="260" ind1=" " ind2=" ">
      <subfield code="a">Buenos Aires</subfield>
      <subfield code="b"> : Paidós</subfield>
      <subfield code="c"> , 2008</subfield>
    </datafield>
    <datafield tag="440" ind1=" " ind2=" ">
      <subfield code="a">Cuestiones de educación</subfield>
      <subfield code="a">Agenda educativa</subfield>
      <subfield code="a">Voces de la educación</subfield>
      <subfield code="a">Educación crítica y debate</subfield>
      <subfield code="a"/>
      <subfield code="a">Voces de la educación</subfield>
      <subfield code="a">Biblioteca Alfagrama</subfield>
      <subfield code="a">Cuestiones de educación</subfield>
      <subfield code="a">Paidós studio</subfield>
      <subfield code="v">12</subfield>
    </datafield>
    <datafield tag="490" ind1=" " ind2=" ">
      <subfield code="a">Cuestiones de educación</subfield>
      <subfield code="a">Agenda educativa</subfield>
      <subfield code="a">Voces de la educación</subfield>
      <subfield code="a">Educación crítica y debate</subfield>
      <subfield code="a"/>
      <subfield code="a">Voces de la educación</subfield>
      <subfield code="a">Biblioteca Alfagrama</subfield>
      <subfield code="a">Cuestiones de educación</subfield>
      <subfield code="a">Paidós studio</subfield>
      <subfield code="v">12</subfield>
    </datafield>
    <datafield tag="650" ind1=" " ind2=" ">
      <subfield code="a"> TAOISMO</subfield>
    </datafield>
    <datafield tag="650" ind1=" " ind2=" ">
      <subfield code="a"> PSICOANALISIS</subfield>
    </datafield>
    <datafield tag="942" ind1=" " ind2=" ">
      <subfield code="c">BK</subfield>
    </datafield>
    <datafield tag="952" ind1=" " ind2=" ">
      <subfield code="a">BIB_RECT</subfield>
      <subfield code="b">BIB_UACO</subfield>
      <subfield code="d">2012-04-04</subfield>
      <subfield code="y">BK</subfield>
      <subfield code="p">02-42229</subfield>
      <subfield code="i">02-42229</subfield>
      <subfield code="g">55.9</subfield>
      <subfield code="o">299.513 J951s</subfield>
      <subfield code="e">Compra SIUNPA</subfield>
      <subfield code="8">CG</subfield>
    </datafield>
  </record>