
  <record>
    <leader>01000aam  22002601a 4500</leader>
    <controlfield tag="001">YPZ94972</controlfield>
    <controlfield tag="003">YPZ</controlfield>
    <controlfield tag="005">201204041819590</controlfield>
    <controlfield tag="008">120404|###########||||||b||||||||||spa|d</controlfield>
    <datafield tag="020" ind1=" " ind2=" ">
      <subfield code="a">9781408232347</subfield>
    </datafield>
    <datafield tag="020" ind1=" " ind2=" ">
      <subfield code="a">9781408227893 (CDROM)</subfield>
    </datafield>
    <datafield tag="040" ind1=" " ind2=" ">
      <subfield code="c">SIUNPA</subfield>
    </datafield>
    <datafield tag="041" ind1=" " ind2=" ">
      <subfield code="a">spa</subfield>
    </datafield>
    <datafield tag="044" ind1=" " ind2=" ">
      <subfield code="a">UK</subfield>
    </datafield>
    <datafield tag="080" ind1=" " ind2=" ">
      <subfield code="a">R(038)=111 D545d2</subfield>
    </datafield>
    <datafield tag="245" ind1=" " ind2=" ">
      <subfield code="a">Diccionario Pocket</subfield>
      <subfield code="b"> : inglés-español, español-inglés para estudiantes latinoamericanos</subfield>
      <subfield code="c"> / Delacroix, Laurence, dir.</subfield>
    </datafield>
    <datafield tag="260" ind1=" " ind2=" ">
      <subfield code="a">Essex</subfield>
      <subfield code="b"> : Longman</subfield>
      <subfield code="c"> , 2010</subfield>
    </datafield>
    <datafield tag="300" ind1=" " ind2=" ">
      <subfield code="a">511 p. : </subfield>
      <subfield code="a">xvii 492 p. : </subfield>
      <subfield code="b">il. ; </subfield>
      <subfield code="a">208 p. : </subfield>
      <subfield code="a">xviii, 275 p. : </subfield>
      <subfield code="b">il. ; </subfield>
      <subfield code="a">275 p. : </subfield>
      <subfield code="a">xi, 216 p. : </subfield>
      <subfield code="b">il. ; </subfield>
      <subfield code="a">xix, 598 p. : </subfield>
      <subfield code="b">il. ; </subfield>
      <subfield code="a">xi, 900 p. : </subfield>
      <subfield code="b">il. ; </subfield>
      <subfield code="a">253 p. : </subfield>
      <subfield code="a">217 p. : </subfield>
      <subfield code="a">469 p. : </subfield>
      <subfield code="b">il. ; </subfield>
      <subfield code="a">571 p. : </subfield>
      <subfield code="a">415 p. : </subfield>
      <subfield code="a">2 v. : </subfield>
      <subfield code="b">il. ; </subfield>
      <subfield code="a">258 p. : </subfield>
      <subfield code="b">il. ; </subfield>
      <subfield code="a">xxii, 380 p. : </subfield>
      <subfield code="b">il. ; </subfield>
      <subfield code="a">v. : </subfield>
      <subfield code="a">523 p. : </subfield>
      <subfield code="a">xiii, 720 p. : </subfield>
      <subfield code="b">il. ; </subfield>
      <subfield code="a">127 p. : </subfield>
      <subfield code="b">il. ; </subfield>
      <subfield code="a">v. : </subfield>
      <subfield code="b">il. ; </subfield>
      <subfield code="a">280 p. : </subfield>
      <subfield code="b">il. ; </subfield>
      <subfield code="a">328 p. : </subfield>
      <subfield code="b">il. ; </subfield>
      <subfield code="a">176 p. : </subfield>
      <subfield code="a">lxxii, [1715] p. en varias paginaciones : </subfield>
      <subfield code="b">il. ; </subfield>
      <subfield code="a">2 v. : </subfield>
      <subfield code="a">161 p. : </subfield>
      <subfield code="a">362 p. : </subfield>
      <subfield code="b">cuadros ; </subfield>
      <subfield code="a">176 p. : </subfield>
      <subfield code="a">173 p. : </subfield>
      <subfield code="a">308 p. : </subfield>
      <subfield code="a">338 p. : </subfield>
      <subfield code="a">287 p. : </subfield>
      <subfield code="b">cuadros ; </subfield>
      <subfield code="a">178 p. : </subfield>
      <subfield code="a">189 p. : </subfield>
      <subfield code="b">il. ; </subfield>
      <subfield code="a">235 p. : </subfield>
      <subfield code="a">136 p. : </subfield>
      <subfield code="b">il. ; </subfield>
      <subfield code="a">239 p. : </subfield>
      <subfield code="a">496 p. : </subfield>
      <subfield code="a">xi, 818 p. : </subfield>
      <subfield code="b">il. ; </subfield>
      <subfield code="e">1 CD-ROM en bolsillo</subfield>
    </datafield>
    <datafield tag="504" ind1=" " ind2=" ">
      <subfield code="a">Contenido del CD-ROM: Contenido íntegro del diccionario impreso -- Diccionario ilustrado biblingüe -- Actividades interactivas -- Juegos</subfield>
    </datafield>
    <datafield tag="650" ind1=" " ind2=" ">
      <subfield code="a"> INGLES</subfield>
    </datafield>
    <datafield tag="650" ind1=" " ind2=" ">
      <subfield code="a"> ESPAÑOL</subfield>
    </datafield>
    <datafield tag="650" ind1=" " ind2=" ">
      <subfield code="a"> DICCIONARIO BILINGUE</subfield>
    </datafield>
    <datafield tag="942" ind1=" " ind2=" ">
      <subfield code="c">BK</subfield>
    </datafield>
    <datafield tag="952" ind1=" " ind2=" ">
      <subfield code="a">BIB_RECT</subfield>
      <subfield code="b">BIB_UARG</subfield>
      <subfield code="d">2012-04-04</subfield>
      <subfield code="y">BK</subfield>
      <subfield code="p">05-42274</subfield>
      <subfield code="i">05-42274</subfield>
      <subfield code="g">130</subfield>
      <subfield code="o">R(038)=111 D545d2</subfield>
      <subfield code="e">Compra SIUNPA</subfield>
      <subfield code="8">CR</subfield>
    </datafield>
    <datafield tag="952" ind1=" " ind2=" ">
      <subfield code="a">BIB_RECT</subfield>
      <subfield code="b">BIB_UARG</subfield>
      <subfield code="d">2012-04-04</subfield>
      <subfield code="y">BK</subfield>
      <subfield code="p">05-42275</subfield>
      <subfield code="i">05-42275</subfield>
      <subfield code="g">130</subfield>
      <subfield code="o">R(038)=111 D545d2</subfield>
      <subfield code="e">Compra SIUNPA</subfield>
      <subfield code="8">CR</subfield>
    </datafield>
    <datafield tag="952" ind1=" " ind2=" ">
      <subfield code="a">BIB_RECT</subfield>
      <subfield code="b">BIB_UARG</subfield>
      <subfield code="d">2012-04-04</subfield>
      <subfield code="y">BK</subfield>
      <subfield code="p">05-42276</subfield>
      <subfield code="i">05-42276</subfield>
      <subfield code="g">130</subfield>
      <subfield code="o">R(038)=111 D545d2</subfield>
      <subfield code="e">Compra SIUNPA</subfield>
      <subfield code="8">CR</subfield>
    </datafield>
    <datafield tag="952" ind1=" " ind2=" ">
      <subfield code="a">BIB_RECT</subfield>
      <subfield code="b">BIB_UARG</subfield>
      <subfield code="d">2012-04-04</subfield>
      <subfield code="y">BK</subfield>
      <subfield code="p">05-42277</subfield>
      <subfield code="i">05-42277</subfield>
      <subfield code="g">130</subfield>
      <subfield code="o">R(038)=111 D545d2</subfield>
      <subfield code="e">Compra SIUNPA</subfield>
      <subfield code="8">CR</subfield>
    </datafield>
    <datafield tag="952" ind1=" " ind2=" ">
      <subfield code="a">BIB_RECT</subfield>
      <subfield code="b">BIB_UARG</subfield>
      <subfield code="d">2012-04-04</subfield>
      <subfield code="y">BK</subfield>
      <subfield code="p">05-42278</subfield>
      <subfield code="i">05-42278</subfield>
      <subfield code="g">130</subfield>
      <subfield code="o">R(038)=111 D545d2</subfield>
      <subfield code="e">Compra SIUNPA</subfield>
      <subfield code="8">CR</subfield>
    </datafield>
  </record>