
  <record>
    <leader>01000aam  22002601a 4500</leader>
    <controlfield tag="001">YPZ94985</controlfield>
    <controlfield tag="003">YPZ</controlfield>
    <controlfield tag="005">201204111524310</controlfield>
    <controlfield tag="008">120411|###########||||||b||||||||||spa|d</controlfield>
    <datafield tag="020" ind1=" " ind2=" ">
      <subfield code="a">9688804819</subfield>
    </datafield>
    <datafield tag="040" ind1=" " ind2=" ">
      <subfield code="c">SIUNPA</subfield>
    </datafield>
    <datafield tag="041" ind1=" " ind2=" ">
      <subfield code="a">spa</subfield>
    </datafield>
    <datafield tag="044" ind1=" " ind2=" ">
      <subfield code="a">MX</subfield>
    </datafield>
    <datafield tag="080" ind1=" " ind2=" ">
      <subfield code="a">004.2 B848m3</subfield>
    </datafield>
    <datafield tag="100" ind1=" " ind2=" ">
      <subfield code="a">Brey, Barry B..</subfield>
    </datafield>
    <datafield tag="245" ind1=" " ind2=" ">
      <subfield code="a">Los microprocesadores Intel</subfield>
      <subfield code="b"> : 8086/8088, 80186, 80286, 80386 y 80486. Arquitectura, programación e interfaces. Tercera edición</subfield>
      <subfield code="c"> / Gutiérrez Noriega, Francisco, tr. ; Suárez Fernández, M. en C. Agustín, rev. técnica</subfield>
    </datafield>
    <datafield tag="250" ind1=" " ind2=" ">
      <subfield code="a">3a ed.</subfield>
    </datafield>
    <datafield tag="260" ind1=" " ind2=" ">
      <subfield code="a">México, D.F.</subfield>
      <subfield code="b"> : Prentice-Hall Hispanoamericana</subfield>
      <subfield code="c"> , 1995</subfield>
    </datafield>
    <datafield tag="650" ind1=" " ind2=" ">
      <subfield code="a"> ARQUITECTURA DE COMPUTADORAS</subfield>
    </datafield>
    <datafield tag="650" ind1=" " ind2=" ">
      <subfield code="a"> PROGRAMACION DE COMPUTADORA</subfield>
    </datafield>
    <datafield tag="942" ind1=" " ind2=" ">
      <subfield code="c">BK</subfield>
    </datafield>
    <datafield tag="952" ind1=" " ind2=" ">
      <subfield code="a">BIB_RECT</subfield>
      <subfield code="b">BIB_UARG</subfield>
      <subfield code="d">2012-04-11</subfield>
      <subfield code="y">BK</subfield>
      <subfield code="p">05-11266</subfield>
      <subfield code="i">05-11266</subfield>
      <subfield code="g">120</subfield>
      <subfield code="o">004.2 B848m3</subfield>
      <subfield code="e">Migracion UARG</subfield>
      <subfield code="8">CG</subfield>
    </datafield>
    <datafield tag="952" ind1=" " ind2=" ">
      <subfield code="a">BIB_RECT</subfield>
      <subfield code="b">BIB_UARG</subfield>
      <subfield code="d">2012-04-11</subfield>
      <subfield code="y">BK</subfield>
      <subfield code="p">05-11267</subfield>
      <subfield code="i">05-11267</subfield>
      <subfield code="g">120</subfield>
      <subfield code="o">004.2 B848m3</subfield>
      <subfield code="e">Migración UARG</subfield>
      <subfield code="8">CG</subfield>
    </datafield>
    <datafield tag="952" ind1=" " ind2=" ">
      <subfield code="a">BIB_RECT</subfield>
      <subfield code="b">BIB_UARG</subfield>
      <subfield code="d">2012-04-11</subfield>
      <subfield code="y">BK</subfield>
      <subfield code="p">05-11268</subfield>
      <subfield code="i">05-11268</subfield>
      <subfield code="g">120</subfield>
      <subfield code="o">004.2 B848m3</subfield>
      <subfield code="e">Migración UARG</subfield>
      <subfield code="8">CG</subfield>
    </datafield>
    <datafield tag="952" ind1=" " ind2=" ">
      <subfield code="a">BIB_RECT</subfield>
      <subfield code="b">BIB_UARG</subfield>
      <subfield code="d">2012-04-11</subfield>
      <subfield code="y">BK</subfield>
      <subfield code="p">05-11269</subfield>
      <subfield code="i">05-11269</subfield>
      <subfield code="g">120</subfield>
      <subfield code="o">004.2 B848m3</subfield>
      <subfield code="e">Migracion UARG</subfield>
      <subfield code="8">CG</subfield>
    </datafield>
    <datafield tag="952" ind1=" " ind2=" ">
      <subfield code="a">BIB_RECT</subfield>
      <subfield code="b">BIB_UARG</subfield>
      <subfield code="d">2012-04-11</subfield>
      <subfield code="y">BK</subfield>
      <subfield code="p">05-11270</subfield>
      <subfield code="i">05-11270</subfield>
      <subfield code="g">120</subfield>
      <subfield code="o">004.2 B848m3</subfield>
      <subfield code="e">Migración UARG</subfield>
      <subfield code="8">CG</subfield>
    </datafield>
    <datafield tag="952" ind1=" " ind2=" ">
      <subfield code="a">BIB_RECT</subfield>
      <subfield code="b">BIB_UARG</subfield>
      <subfield code="d">2012-04-11</subfield>
      <subfield code="y">BK</subfield>
      <subfield code="p">05-11271</subfield>
      <subfield code="i">05-11271</subfield>
      <subfield code="g">120</subfield>
      <subfield code="o">004.2 B848m3</subfield>
      <subfield code="e">Migración UARG</subfield>
      <subfield code="8">CG</subfield>
    </datafield>
    <datafield tag="952" ind1=" " ind2=" ">
      <subfield code="a">BIB_RECT</subfield>
      <subfield code="b">BIB_UARG</subfield>
      <subfield code="d">2012-04-11</subfield>
      <subfield code="y">BK</subfield>
      <subfield code="p">05-11272</subfield>
      <subfield code="i">05-11272</subfield>
      <subfield code="g">120</subfield>
      <subfield code="o">004.2 B848m3</subfield>
      <subfield code="e">Migración UARG</subfield>
      <subfield code="8">CG</subfield>
    </datafield>
    <datafield tag="952" ind1=" " ind2=" ">
      <subfield code="a">BIB_RECT</subfield>
      <subfield code="b">BIB_UARG</subfield>
      <subfield code="d">2012-04-11</subfield>
      <subfield code="y">BK</subfield>
      <subfield code="p">05-11318</subfield>
      <subfield code="i">05-11318</subfield>
      <subfield code="g">120</subfield>
      <subfield code="o">004.2 B848m3</subfield>
      <subfield code="e">Migración UARG</subfield>
      <subfield code="8">CG</subfield>
    </datafield>
  </record>