
  <record>
    <leader>01000aam  22002601a 4500</leader>
    <controlfield tag="001">YPZ94994</controlfield>
    <controlfield tag="003">YPZ</controlfield>
    <controlfield tag="005">201204121643050</controlfield>
    <controlfield tag="008">120412|###########||||||b||||||||||spa|d</controlfield>
    <datafield tag="020" ind1=" " ind2=" ">
      <subfield code="a">9505820119</subfield>
    </datafield>
    <datafield tag="040" ind1=" " ind2=" ">
      <subfield code="c">SIUNPA</subfield>
    </datafield>
    <datafield tag="041" ind1=" " ind2=" ">
      <subfield code="a">spa</subfield>
    </datafield>
    <datafield tag="044" ind1=" " ind2=" ">
      <subfield code="a">AR</subfield>
    </datafield>
    <datafield tag="080" ind1=" " ind2=" ">
      <subfield code="a">37(091) J371h5</subfield>
    </datafield>
    <datafield tag="100" ind1=" " ind2=" ">
      <subfield code="a">Jara de Perazzo, Susana.</subfield>
    </datafield>
    <datafield tag="700" ind1=" " ind2=" ">
      <subfield code="a">Kuc, Nélida.</subfield>
    </datafield>
    <datafield tag="700" ind1=" " ind2=" ">
      <subfield code="a">Helbling de Jove, María Teresa.</subfield>
    </datafield>
    <datafield tag="245" ind1=" " ind2=" ">
      <subfield code="a">Historia de la educación y política educacional argentina</subfield>
      <subfield code="c"> / Solari, Manuel Horacio, pról.</subfield>
    </datafield>
    <datafield tag="250" ind1=" " ind2=" ">
      <subfield code="a">5a ed.</subfield>
    </datafield>
    <datafield tag="260" ind1=" " ind2=" ">
      <subfield code="a">Buenos Aires</subfield>
      <subfield code="b"> : Hvmanitas</subfield>
      <subfield code="c"> , 1986</subfield>
    </datafield>
    <datafield tag="440" ind1=" " ind2=" ">
      <subfield code="a">Colección formación docente</subfield>
      <subfield code="v">5</subfield>
    </datafield>
    <datafield tag="490" ind1=" " ind2=" ">
      <subfield code="a">Colección formación docente</subfield>
      <subfield code="v">5</subfield>
    </datafield>
    <datafield tag="650" ind1=" " ind2=" ">
      <subfield code="a"> HISTORIA DE LA EDUCACION</subfield>
    </datafield>
    <datafield tag="650" ind1=" " ind2=" ">
      <subfield code="a"> POLITICA DE LA EDUCACION</subfield>
    </datafield>
    <datafield tag="650" ind1=" " ind2=" ">
      <subfield code="a"> ARGENTINA</subfield>
    </datafield>
    <datafield tag="942" ind1=" " ind2=" ">
      <subfield code="c">BK</subfield>
    </datafield>
    <datafield tag="952" ind1=" " ind2=" ">
      <subfield code="a">BIB_RECT</subfield>
      <subfield code="b">BIB_UACO</subfield>
      <subfield code="d">2012-04-12</subfield>
      <subfield code="y">BK</subfield>
      <subfield code="p">02-07660</subfield>
      <subfield code="i">02-07660</subfield>
      <subfield code="g">39</subfield>
      <subfield code="o">37(091) J371h5</subfield>
      <subfield code="e">UACO</subfield>
      <subfield code="8">CG</subfield>
    </datafield>
    <datafield tag="952" ind1=" " ind2=" ">
      <subfield code="a">BIB_RECT</subfield>
      <subfield code="b">BIB_UASJ</subfield>
      <subfield code="d">2012-04-12</subfield>
      <subfield code="y">BK</subfield>
      <subfield code="p">04-00750</subfield>
      <subfield code="i">04-00750</subfield>
      <subfield code="g">39</subfield>
      <subfield code="o">37(091) J371h5</subfield>
      <subfield code="e">Migracion UASJ</subfield>
      <subfield code="8">CG</subfield>
    </datafield>
  </record>