
  <record>
    <leader>01000aam  22002601a 4500</leader>
    <controlfield tag="001">YPZ95011</controlfield>
    <controlfield tag="003">YPZ</controlfield>
    <controlfield tag="005">201204131836460</controlfield>
    <controlfield tag="008">120413|###########||||||b||||||||||spa|d</controlfield>
    <datafield tag="020" ind1=" " ind2=" ">
      <subfield code="a">8475090826</subfield>
    </datafield>
    <datafield tag="040" ind1=" " ind2=" ">
      <subfield code="c">SIUNPA</subfield>
    </datafield>
    <datafield tag="041" ind1=" " ind2=" ">
      <subfield code="a">spa</subfield>
    </datafield>
    <datafield tag="044" ind1=" " ind2=" ">
      <subfield code="a">ES</subfield>
    </datafield>
    <datafield tag="080" ind1=" " ind2=" ">
      <subfield code="a">159.9.072 H313t2</subfield>
    </datafield>
    <datafield tag="100" ind1=" " ind2=" ">
      <subfield code="a">Harris, Dale B..</subfield>
    </datafield>
    <datafield tag="245" ind1=" " ind2=" ">
      <subfield code="a">El test de Goodenough</subfield>
      <subfield code="c"> / Ares, Dalia, tr.</subfield>
    </datafield>
    <datafield tag="250" ind1=" " ind2=" ">
      <subfield code="a">2a ed., 3a reimpr.</subfield>
    </datafield>
    <datafield tag="260" ind1=" " ind2=" ">
      <subfield code="a">Barcelona</subfield>
      <subfield code="b"> : Paidós</subfield>
      <subfield code="c"> , 1991</subfield>
    </datafield>
    <datafield tag="300" ind1=" " ind2=" ">
      <subfield code="a">189 p. : </subfield>
      <subfield code="a">ix, 308 p. : </subfield>
      <subfield code="a">518 p. : </subfield>
      <subfield code="b">il. ; </subfield>
      <subfield code="a">166 p. : </subfield>
      <subfield code="a">2 v. : </subfield>
      <subfield code="a">171 p. : </subfield>
      <subfield code="a">207 p. : </subfield>
      <subfield code="b">il. ; </subfield>
      <subfield code="a">xv, 837 p. : </subfield>
      <subfield code="b">il. ; </subfield>
      <subfield code="a">xvii, 813 p. : </subfield>
      <subfield code="b">il. ; </subfield>
      <subfield code="a">xxxvi, 615 p. : </subfield>
      <subfield code="b">il. ; </subfield>
      <subfield code="a">173 p. : </subfield>
      <subfield code="a">471 p. : </subfield>
      <subfield code="b">il. ; </subfield>
      <subfield code="a">193 p. : </subfield>
      <subfield code="b">il. ; </subfield>
      <subfield code="a">[72] p. en varias paginaciones : </subfield>
      <subfield code="b">il. ; </subfield>
      <subfield code="a">64 p. : </subfield>
      <subfield code="b">il. ; </subfield>
      <subfield code="a">2 v. : </subfield>
      <subfield code="b">il. ; </subfield>
      <subfield code="a">384 p. : </subfield>
      <subfield code="b">il. ; </subfield>
      <subfield code="e">24 láminas sueltas + Test del dibujo de la figura humana de Goodenough-Harris (4 p.)</subfield>
    </datafield>
    <datafield tag="440" ind1=" " ind2=" ">
      <subfield code="a">Biblioteca de psicometría y psicodiagnóstico</subfield>
      <subfield code="v">7</subfield>
    </datafield>
    <datafield tag="490" ind1=" " ind2=" ">
      <subfield code="a">Biblioteca de psicometría y psicodiagnóstico</subfield>
      <subfield code="v">7</subfield>
    </datafield>
    <datafield tag="500" ind1=" " ind2=" ">
      <subfield code="a">Revisión,  ampliación y actualización</subfield>
    </datafield>
    <datafield tag="650" ind1=" " ind2=" ">
      <subfield code="a"> PSICODIAGNOSTICO</subfield>
    </datafield>
    <datafield tag="650" ind1=" " ind2=" ">
      <subfield code="a"> TESTS DE PERSONALIDAD</subfield>
    </datafield>
    <datafield tag="650" ind1=" " ind2=" ">
      <subfield code="a"> TEST DE LA FIGURA HUMANA</subfield>
    </datafield>
    <datafield tag="650" ind1=" " ind2=" ">
      <subfield code="a"> TESTS DE INTELIGENCIA</subfield>
    </datafield>
    <datafield tag="650" ind1=" " ind2=" ">
      <subfield code="a"> PSICOLOGIA INFANTIL </subfield>
    </datafield>
    <datafield tag="650" ind1=" " ind2=" ">
      <subfield code="a"> NIÑOS </subfield>
    </datafield>
    <datafield tag="650" ind1=" " ind2=" ">
      <subfield code="a"> TEST DE GOODENOUGH</subfield>
    </datafield>
    <datafield tag="942" ind1=" " ind2=" ">
      <subfield code="c">BK</subfield>
    </datafield>
    <datafield tag="952" ind1=" " ind2=" ">
      <subfield code="a">BIB_RECT</subfield>
      <subfield code="b">BIB_UARG</subfield>
      <subfield code="d">2012-04-12</subfield>
      <subfield code="y">BK</subfield>
      <subfield code="p">05-08783</subfield>
      <subfield code="i">05-08783</subfield>
      <subfield code="g">95</subfield>
      <subfield code="o">159.9.072 H313t2</subfield>
      <subfield code="e">Sub. Nac./94</subfield>
      <subfield code="8">CG</subfield>
    </datafield>
  </record>