
  <record>
    <leader>01000aam  22002601a 4500</leader>
    <controlfield tag="001">YPZ95013</controlfield>
    <controlfield tag="003">YPZ</controlfield>
    <controlfield tag="005">201204161359310</controlfield>
    <controlfield tag="008">120416|###########||||||b||||||||||spa|d</controlfield>
    <datafield tag="020" ind1=" " ind2=" ">
      <subfield code="a">9502510011 (o.c.)</subfield>
    </datafield>
    <datafield tag="020" ind1=" " ind2=" ">
      <subfield code="a">950251002X (v.1)</subfield>
    </datafield>
    <datafield tag="020" ind1=" " ind2=" ">
      <subfield code="a">9502510038 (v.2)</subfield>
    </datafield>
    <datafield tag="020" ind1=" " ind2=" ">
      <subfield code="a">9502510043 (v.3)</subfield>
    </datafield>
    <datafield tag="020" ind1=" " ind2=" ">
      <subfield code="a">9502510054 (v.4)</subfield>
    </datafield>
    <datafield tag="020" ind1=" " ind2=" ">
      <subfield code="a">9502510062 (v.5)</subfield>
    </datafield>
    <datafield tag="020" ind1=" " ind2=" ">
      <subfield code="a">9502510070 (v.6)</subfield>
    </datafield>
    <datafield tag="020" ind1=" " ind2=" ">
      <subfield code="a">9502510089 (v.7)</subfield>
    </datafield>
    <datafield tag="020" ind1=" " ind2=" ">
      <subfield code="a">9502510119 (v.10)</subfield>
    </datafield>
    <datafield tag="040" ind1=" " ind2=" ">
      <subfield code="c">SIUNPA</subfield>
    </datafield>
    <datafield tag="041" ind1=" " ind2=" ">
      <subfield code="a">spa</subfield>
    </datafield>
    <datafield tag="044" ind1=" " ind2=" ">
      <subfield code="a">AR</subfield>
    </datafield>
    <datafield tag="080" ind1=" " ind2=" ">
      <subfield code="a">R912(82) A881a</subfield>
    </datafield>
    <datafield tag="245" ind1=" " ind2=" ">
      <subfield code="a">Atlas total de la República Argentina</subfield>
    </datafield>
    <datafield tag="260" ind1=" " ind2=" ">
      <subfield code="a">Buenos Aires</subfield>
      <subfield code="b"> : Centro Editor de América Latina</subfield>
      <subfield code="c"> , 1981-1991</subfield>
    </datafield>
    <datafield tag="500" ind1=" " ind2=" ">
      <subfield code="a">La biblioteca posee v.1-7 y v.10</subfield>
    </datafield>
    <datafield tag="505" ind1=" " ind2=" ">
      <subfield code="a">Contenido: v.1-2. Atlas físico de la República Argentina - v.3. Atlas político de la República Argentina - v.4. Atlas demográfico de la República Argentina - v.5-7. Atlas de la actividad económica de la República Argentina: v.1. El sector industrial - v.2. El sector agropecuario - v.1 [i.e. v.3]. Los recursos - v.10. Atlas nacional y provincial de la República Argentina. Físico y político</subfield>
    </datafield>
    <datafield tag="650" ind1=" " ind2=" ">
      <subfield code="a"> GEOGRAFIA ARGENTINA</subfield>
    </datafield>
    <datafield tag="650" ind1=" " ind2=" ">
      <subfield code="a"> ATLAS</subfield>
    </datafield>
    <datafield tag="942" ind1=" " ind2=" ">
      <subfield code="c">BK</subfield>
    </datafield>
    <datafield tag="952" ind1=" " ind2=" ">
      <subfield code="a">BIB_RECT</subfield>
      <subfield code="b">BIB_UARG</subfield>
      <subfield code="d">2012-05-21</subfield>
      <subfield code="y">BK</subfield>
      <subfield code="p">05-04391</subfield>
      <subfield code="i">05-04391</subfield>
      <subfield code="g">140</subfield>
      <subfield code="o">R912(82) A881a</subfield>
      <subfield code="e">ACUER.175/94</subfield>
      <subfield code="8">CR</subfield>
    </datafield>
    <datafield tag="952" ind1=" " ind2=" ">
      <subfield code="a">BIB_RECT</subfield>
      <subfield code="b">BIB_UARG</subfield>
      <subfield code="d">2012-05-21</subfield>
      <subfield code="y">BK</subfield>
      <subfield code="p">05-07922</subfield>
      <subfield code="i">05-07922</subfield>
      <subfield code="g">140</subfield>
      <subfield code="o">R912(82) A881a</subfield>
      <subfield code="e">Acuerdo/93</subfield>
      <subfield code="8">CR</subfield>
    </datafield>
    <datafield tag="952" ind1=" " ind2=" ">
      <subfield code="a">BIB_RECT</subfield>
      <subfield code="b">BIB_UARG</subfield>
      <subfield code="d">2012-05-21</subfield>
      <subfield code="y">BK</subfield>
      <subfield code="p">05-09023</subfield>
      <subfield code="i">05-09023</subfield>
      <subfield code="g">140</subfield>
      <subfield code="o">R912(82) A881a</subfield>
      <subfield code="e">Acuerdo/175/94</subfield>
      <subfield code="8">CR</subfield>
    </datafield>
    <datafield tag="952" ind1=" " ind2=" ">
      <subfield code="a">BIB_RECT</subfield>
      <subfield code="b">BIB_UARG</subfield>
      <subfield code="d">2012-05-21</subfield>
      <subfield code="y">BK</subfield>
      <subfield code="p">05-09024</subfield>
      <subfield code="i">05-09024</subfield>
      <subfield code="g">140</subfield>
      <subfield code="o">R912(82) A881a</subfield>
      <subfield code="e">Acuerdo 175/94</subfield>
      <subfield code="8">CR</subfield>
    </datafield>
    <datafield tag="952" ind1=" " ind2=" ">
      <subfield code="a">BIB_RECT</subfield>
      <subfield code="b">BIB_UARG</subfield>
      <subfield code="d">2012-05-21</subfield>
      <subfield code="y">BK</subfield>
      <subfield code="p">05-09025</subfield>
      <subfield code="i">05-09025</subfield>
      <subfield code="g">140</subfield>
      <subfield code="o">R912(82) A881a</subfield>
      <subfield code="e">ATIENZA/VELAZQUEZ</subfield>
      <subfield code="8">CR</subfield>
    </datafield>
    <datafield tag="952" ind1=" " ind2=" ">
      <subfield code="a">BIB_RECT</subfield>
      <subfield code="b">BIB_UARG</subfield>
      <subfield code="d">2012-04-12</subfield>
      <subfield code="y">BK</subfield>
      <subfield code="p">05-40726</subfield>
      <subfield code="i">05-40726</subfield>
      <subfield code="g">140</subfield>
      <subfield code="o">R912(82) A881a</subfield>
      <subfield code="e">Donación</subfield>
      <subfield code="8">CR</subfield>
    </datafield>
    <datafield tag="952" ind1=" " ind2=" ">
      <subfield code="a">BIB_RECT</subfield>
      <subfield code="b">BIB_UARG</subfield>
      <subfield code="d">2012-04-12</subfield>
      <subfield code="y">BK</subfield>
      <subfield code="p">05-40727</subfield>
      <subfield code="i">05-40727</subfield>
      <subfield code="g">140</subfield>
      <subfield code="o">R912(82) A881a</subfield>
      <subfield code="e">Donación</subfield>
      <subfield code="8">CR</subfield>
    </datafield>
    <datafield tag="952" ind1=" " ind2=" ">
      <subfield code="a">BIB_RECT</subfield>
      <subfield code="b">BIB_UARG</subfield>
      <subfield code="d">2012-04-12</subfield>
      <subfield code="y">BK</subfield>
      <subfield code="p">05-40728</subfield>
      <subfield code="i">05-40728</subfield>
      <subfield code="g">140</subfield>
      <subfield code="o">R912(82) A881a</subfield>
      <subfield code="e">Donación</subfield>
      <subfield code="8">CR</subfield>
    </datafield>
  </record>