
  <record>
    <leader>01000aam  22002601a 4500</leader>
    <controlfield tag="001">YPZ95037</controlfield>
    <controlfield tag="003">YPZ</controlfield>
    <controlfield tag="005">201204181528450</controlfield>
    <controlfield tag="008">120418|###########||||||b||||||||||spa|d</controlfield>
    <datafield tag="020" ind1=" " ind2=" ">
      <subfield code="a">9789872347840</subfield>
    </datafield>
    <datafield tag="040" ind1=" " ind2=" ">
      <subfield code="c">SIUNPA</subfield>
    </datafield>
    <datafield tag="041" ind1=" " ind2=" ">
      <subfield code="a">spa</subfield>
    </datafield>
    <datafield tag="044" ind1=" " ind2=" ">
      <subfield code="a">AR</subfield>
    </datafield>
    <datafield tag="080" ind1=" " ind2=" ">
      <subfield code="a">159.97 C749a 6</subfield>
    </datafield>
    <datafield tag="110" ind1=" " ind2=" ">
      <subfield code="a">Congreso Argentino de Salud Mental (6 : 2011 : Buenos Aires).</subfield>
    </datafield>
    <datafield tag="710" ind1=" " ind2=" ">
      <subfield code="a">Encuentro Internacional de Salud Mental (3 : 2011 : Buenos Aires).</subfield>
    </datafield>
    <datafield tag="245" ind1=" " ind2=" ">
      <subfield code="a">Sexo y poder</subfield>
      <subfield code="b"> : clínica, cultura y sociedad</subfield>
      <subfield code="c"> / Trimboli, Alberto, comp. ; Fantin, Juan Carlos, comp. ; Raggi, Silvia, comp. ; Grande, Eduardo, comp. ; Fridman, Pablo, comp. ; Bertran, Gustavo, comp.</subfield>
    </datafield>
    <datafield tag="260" ind1=" " ind2=" ">
      <subfield code="a">Buenos Aires</subfield>
      <subfield code="b"> : Asociación Argentina de Salud Mental, AASM</subfield>
      <subfield code="c"> , 2011</subfield>
    </datafield>
    <datafield tag="500" ind1=" " ind2=" ">
      <subfield code="a">Trabajos completos presentados en el sexto Congreso Argentino de Salud Mental</subfield>
    </datafield>
    <datafield tag="650" ind1=" " ind2=" ">
      <subfield code="a"> PSIQUIATRIA</subfield>
    </datafield>
    <datafield tag="650" ind1=" " ind2=" ">
      <subfield code="a"> SALUD MENTAL</subfield>
    </datafield>
    <datafield tag="650" ind1=" " ind2=" ">
      <subfield code="a"> PSICOPATOLOGIA</subfield>
    </datafield>
    <datafield tag="650" ind1=" " ind2=" ">
      <subfield code="a"> PSICOANALISIS</subfield>
    </datafield>
    <datafield tag="650" ind1=" " ind2=" ">
      <subfield code="a"> PSICOLOGIA</subfield>
    </datafield>
    <datafield tag="942" ind1=" " ind2=" ">
      <subfield code="c">BK</subfield>
    </datafield>
    <datafield tag="952" ind1=" " ind2=" ">
      <subfield code="a">BIB_RECT</subfield>
      <subfield code="b">BIB_UARG</subfield>
      <subfield code="d">2012-04-18</subfield>
      <subfield code="y">BK</subfield>
      <subfield code="p">05-42332</subfield>
      <subfield code="i">05-42332</subfield>
      <subfield code="g">120</subfield>
      <subfield code="o">159.97 C749a 6</subfield>
      <subfield code="e">PI 29/A233-1 Ojeda</subfield>
      <subfield code="8">CG</subfield>
    </datafield>
    <datafield tag="952" ind1=" " ind2=" ">
      <subfield code="a">BIB_RECT</subfield>
      <subfield code="b">BIB_UARG</subfield>
      <subfield code="d">2012-10-30</subfield>
      <subfield code="y">BK</subfield>
      <subfield code="p">05-43382</subfield>
      <subfield code="i">05-43382</subfield>
      <subfield code="g">120</subfield>
      <subfield code="o">159.97 C749a 6</subfield>
      <subfield code="e">PI 29/A233-1 Ojeda</subfield>
      <subfield code="8">CG</subfield>
    </datafield>
  </record>