
  <record>
    <leader>01000aam  22002601a 4500</leader>
    <controlfield tag="001">YPZ95038</controlfield>
    <controlfield tag="003">YPZ</controlfield>
    <controlfield tag="005">201204191344270</controlfield>
    <controlfield tag="008">120419|###########||||||b||||||||||spa|d</controlfield>
    <datafield tag="020" ind1=" " ind2=" ">
      <subfield code="a">9502500474 (v.1)</subfield>
    </datafield>
    <datafield tag="020" ind1=" " ind2=" ">
      <subfield code="a">9502500482 (v.2)</subfield>
    </datafield>
    <datafield tag="040" ind1=" " ind2=" ">
      <subfield code="c">SIUNPA</subfield>
    </datafield>
    <datafield tag="041" ind1=" " ind2=" ">
      <subfield code="a">spa</subfield>
    </datafield>
    <datafield tag="044" ind1=" " ind2=" ">
      <subfield code="a">AR</subfield>
    </datafield>
    <datafield tag="080" ind1=" " ind2=" ">
      <subfield code="a">329 A189f</subfield>
    </datafield>
    <datafield tag="100" ind1=" " ind2=" ">
      <subfield code="a">Acuña, Marcelo Luis.</subfield>
    </datafield>
    <datafield tag="245" ind1=" " ind2=" ">
      <subfield code="a">De Frondizi a Alfonsín</subfield>
    </datafield>
    <datafield tag="260" ind1=" " ind2=" ">
      <subfield code="a">Buenos Aires</subfield>
      <subfield code="b"> : Centro Editor de América Latina</subfield>
      <subfield code="c"> , 1984</subfield>
    </datafield>
    <datafield tag="440" ind1=" " ind2=" ">
      <subfield code="a">Agenda educativa</subfield>
      <subfield code="a">Colección Demos</subfield>
      <subfield code="a">Agenda educativa</subfield>
      <subfield code="a">Agenda educativa</subfield>
      <subfield code="a">Serie conexiones</subfield>
      <subfield code="a">Biblioteca política argentina</subfield>
      <subfield code="v">48-49</subfield>
    </datafield>
    <datafield tag="490" ind1=" " ind2=" ">
      <subfield code="a">Agenda educativa</subfield>
      <subfield code="a">Colección Demos</subfield>
      <subfield code="a">Agenda educativa</subfield>
      <subfield code="a">Agenda educativa</subfield>
      <subfield code="a">Serie conexiones</subfield>
      <subfield code="a">Biblioteca política argentina</subfield>
      <subfield code="v">48-49</subfield>
    </datafield>
    <datafield tag="505" ind1=" " ind2=" ">
      <subfield code="a">Contenido: v.1. La tradición política del radicalismo - v.2. La tradición política del radicalismo</subfield>
    </datafield>
    <datafield tag="650" ind1=" " ind2=" ">
      <subfield code="a"> HISTORIA ARGENTINA</subfield>
    </datafield>
    <datafield tag="650" ind1=" " ind2=" ">
      <subfield code="a"> HISTORIA POLITICA</subfield>
    </datafield>
    <datafield tag="650" ind1=" " ind2=" ">
      <subfield code="a"> UNION CIVICA RADICAL</subfield>
    </datafield>
    <datafield tag="650" ind1=" " ind2=" ">
      <subfield code="a"> PARTIDO POLITICO</subfield>
    </datafield>
    <datafield tag="942" ind1=" " ind2=" ">
      <subfield code="c">BK</subfield>
    </datafield>
    <datafield tag="952" ind1=" " ind2=" ">
      <subfield code="a">BIB_RECT</subfield>
      <subfield code="b">BIB_UARG</subfield>
      <subfield code="d">2012-04-19</subfield>
      <subfield code="y">BK</subfield>
      <subfield code="p">05-07628</subfield>
      <subfield code="i">05-07628</subfield>
      <subfield code="g">32</subfield>
      <subfield code="o">329 A189f</subfield>
      <subfield code="e">Acuerdo 012/93</subfield>
      <subfield code="8">CG</subfield>
    </datafield>
    <datafield tag="952" ind1=" " ind2=" ">
      <subfield code="a">BIB_RECT</subfield>
      <subfield code="b">BIB_UARG</subfield>
      <subfield code="d">2012-04-19</subfield>
      <subfield code="y">BK</subfield>
      <subfield code="p">05-08839</subfield>
      <subfield code="i">05-08839</subfield>
      <subfield code="g">32</subfield>
      <subfield code="o">329 A189f</subfield>
      <subfield code="e">Reposición por Nº 4107</subfield>
      <subfield code="8">CG</subfield>
    </datafield>
  </record>