
  <record>
    <leader>01000aam  22002601a 4500</leader>
    <controlfield tag="001">YPZ95062</controlfield>
    <controlfield tag="003">YPZ</controlfield>
    <controlfield tag="005">201204231929020</controlfield>
    <controlfield tag="008">120423|###########||||||b||||||||||spa|d</controlfield>
    <datafield tag="020" ind1=" " ind2=" ">
      <subfield code="a">8460406199</subfield>
    </datafield>
    <datafield tag="040" ind1=" " ind2=" ">
      <subfield code="c">SIUNPA</subfield>
    </datafield>
    <datafield tag="041" ind1=" " ind2=" ">
      <subfield code="a">spa</subfield>
    </datafield>
    <datafield tag="044" ind1=" " ind2=" ">
      <subfield code="a">ES</subfield>
    </datafield>
    <datafield tag="080" ind1=" " ind2=" ">
      <subfield code="a">621.3 C117e3</subfield>
    </datafield>
    <datafield tag="100" ind1=" " ind2=" ">
      <subfield code="a">Cabronero Mesas, Daniel.</subfield>
    </datafield>
    <datafield tag="245" ind1=" " ind2=" ">
      <subfield code="a">Electricidad y electrotécnia básicas</subfield>
    </datafield>
    <datafield tag="250" ind1=" " ind2=" ">
      <subfield code="a">3a ed. corr.</subfield>
    </datafield>
    <datafield tag="260" ind1=" " ind2=" ">
      <subfield code="a">Barcelona</subfield>
      <subfield code="b"> : D. Cabronero Mesas, ed.</subfield>
      <subfield code="c"> , 2003</subfield>
    </datafield>
    <datafield tag="500" ind1=" " ind2=" ">
      <subfield code="a">En cub.: Teoría de la electricidad -- Electrostática y electrodinámica -- Generadores químicos. Pilas y acumuladores -- Magnetismo y electromagnetismo -- Inducción electromagnética. Generadores -- Alternadores. Alternador trifásico -- Corriente alterna. Circuitos eléctricos -- Electromotores y transformadores</subfield>
    </datafield>
    <datafield tag="650" ind1=" " ind2=" ">
      <subfield code="a"> INGENIERIA ELECTRICA</subfield>
    </datafield>
    <datafield tag="650" ind1=" " ind2=" ">
      <subfield code="a"> ELECTROTECNIA</subfield>
    </datafield>
    <datafield tag="942" ind1=" " ind2=" ">
      <subfield code="c">BK</subfield>
    </datafield>
    <datafield tag="952" ind1=" " ind2=" ">
      <subfield code="a">BIB_RECT</subfield>
      <subfield code="b">BIB_UARG</subfield>
      <subfield code="d">2012-04-23</subfield>
      <subfield code="y">BK</subfield>
      <subfield code="p">05-42337</subfield>
      <subfield code="i">05-42337</subfield>
      <subfield code="g">55</subfield>
      <subfield code="o">621.3 C117e3</subfield>
      <subfield code="e">Acuerdo 550</subfield>
      <subfield code="8">CG</subfield>
    </datafield>
  </record>