
  <record>
    <leader>01000aam  22002601a 4500</leader>
    <controlfield tag="001">YPZ95075</controlfield>
    <controlfield tag="003">YPZ</controlfield>
    <controlfield tag="005">201204251331370</controlfield>
    <controlfield tag="008">120425|###########||||||b||||||||||spa|d</controlfield>
    <datafield tag="020" ind1=" " ind2=" ">
      <subfield code="a">9701503392</subfield>
    </datafield>
    <datafield tag="040" ind1=" " ind2=" ">
      <subfield code="c">SIUNPA</subfield>
    </datafield>
    <datafield tag="041" ind1=" " ind2=" ">
      <subfield code="a">spa</subfield>
    </datafield>
    <datafield tag="044" ind1=" " ind2=" ">
      <subfield code="a">MX</subfield>
    </datafield>
    <datafield tag="080" ind1=" " ind2=" ">
      <subfield code="a">004.75 G216r</subfield>
    </datafield>
    <datafield tag="100" ind1=" " ind2=" ">
      <subfield code="a">García Tomás, Jesús.</subfield>
    </datafield>
    <datafield tag="700" ind1=" " ind2=" ">
      <subfield code="a">Ferrando Girón, Santiago.</subfield>
    </datafield>
    <datafield tag="700" ind1=" " ind2=" ">
      <subfield code="a">Piattini Velthuis, Mario.</subfield>
    </datafield>
    <datafield tag="245" ind1=" " ind2=" ">
      <subfield code="a">Redes para proceso distribuido</subfield>
      <subfield code="b"> : área local, arquitecturas, rendimiento, banda ancha</subfield>
    </datafield>
    <datafield tag="260" ind1=" " ind2=" ">
      <subfield code="a">México, D.F.</subfield>
      <subfield code="b"> : Ra-Ma</subfield>
      <subfield code="b"> : Computec</subfield>
      <subfield code="c"> , 1997</subfield>
    </datafield>
    <datafield tag="650" ind1=" " ind2=" ">
      <subfield code="a"> REDES INFORMATICAS</subfield>
    </datafield>
    <datafield tag="650" ind1=" " ind2=" ">
      <subfield code="a"> REDES DE PROCESAMIENTO DISTRIBUIDO</subfield>
    </datafield>
    <datafield tag="942" ind1=" " ind2=" ">
      <subfield code="c">BK</subfield>
    </datafield>
    <datafield tag="952" ind1=" " ind2=" ">
      <subfield code="a">BIB_RECT</subfield>
      <subfield code="b">BIB_UACO</subfield>
      <subfield code="d">2012-04-25</subfield>
      <subfield code="y">BK</subfield>
      <subfield code="p">02-05849</subfield>
      <subfield code="i">02-05849</subfield>
      <subfield code="g">180</subfield>
      <subfield code="o">004.75 G216r</subfield>
      <subfield code="e">Fomec 585</subfield>
      <subfield code="8">CG</subfield>
    </datafield>
    <datafield tag="952" ind1=" " ind2=" ">
      <subfield code="a">BIB_RECT</subfield>
      <subfield code="b">BIB_UACO</subfield>
      <subfield code="d">2012-04-25</subfield>
      <subfield code="y">BK</subfield>
      <subfield code="p">02-05850</subfield>
      <subfield code="i">02-05850</subfield>
      <subfield code="g">180</subfield>
      <subfield code="o">004.75 G216r</subfield>
      <subfield code="e">FOMEC 585</subfield>
      <subfield code="8">CG</subfield>
    </datafield>
    <datafield tag="952" ind1=" " ind2=" ">
      <subfield code="a">BIB_RECT</subfield>
      <subfield code="b">BIB_UACO</subfield>
      <subfield code="d">2012-04-25</subfield>
      <subfield code="y">BK</subfield>
      <subfield code="p">02-05851</subfield>
      <subfield code="i">02-05851</subfield>
      <subfield code="g">180</subfield>
      <subfield code="o">004.75 G216r</subfield>
      <subfield code="e">FOMEC 585</subfield>
      <subfield code="8">CG</subfield>
    </datafield>
    <datafield tag="952" ind1=" " ind2=" ">
      <subfield code="a">BIB_RECT</subfield>
      <subfield code="b">BIB_UACO</subfield>
      <subfield code="d">2012-04-25</subfield>
      <subfield code="y">BK</subfield>
      <subfield code="p">02-05852</subfield>
      <subfield code="i">02-05852</subfield>
      <subfield code="g">180</subfield>
      <subfield code="o">004.75 G216r</subfield>
      <subfield code="e">FOMEC 585</subfield>
      <subfield code="8">CG</subfield>
    </datafield>
    <datafield tag="952" ind1=" " ind2=" ">
      <subfield code="a">BIB_RECT</subfield>
      <subfield code="b">BIB_UACO</subfield>
      <subfield code="d">2012-04-25</subfield>
      <subfield code="y">BK</subfield>
      <subfield code="p">02-05853</subfield>
      <subfield code="i">02-05853</subfield>
      <subfield code="g">180</subfield>
      <subfield code="o">004.75 G216r</subfield>
      <subfield code="e">Migración UACO</subfield>
      <subfield code="8">CG</subfield>
    </datafield>
  </record>