
  <record>
    <leader>01000aam  22002601a 4500</leader>
    <controlfield tag="001">YPZ95083</controlfield>
    <controlfield tag="003">YPZ</controlfield>
    <controlfield tag="005">201204251606310</controlfield>
    <controlfield tag="008">120425|###########||||||b||||||||||spa|d</controlfield>
    <datafield tag="020" ind1=" " ind2=" ">
      <subfield code="a">0201629240</subfield>
    </datafield>
    <datafield tag="040" ind1=" " ind2=" ">
      <subfield code="c">SIUNPA</subfield>
    </datafield>
    <datafield tag="041" ind1=" " ind2=" ">
      <subfield code="a">spa</subfield>
    </datafield>
    <datafield tag="044" ind1=" " ind2=" ">
      <subfield code="a">US</subfield>
    </datafield>
    <datafield tag="080" ind1=" " ind2=" ">
      <subfield code="a">004.7 S399r</subfield>
    </datafield>
    <datafield tag="100" ind1=" " ind2=" ">
      <subfield code="a">Schwartz, Mischa.</subfield>
    </datafield>
    <datafield tag="245" ind1=" " ind2=" ">
      <subfield code="a">Redes de telecomunicaciones</subfield>
      <subfield code="b"> : protocolos, modelado y análisis</subfield>
      <subfield code="c"> / Moya Anica, Emmanuel, versión en español ; Carranco Ortiz, Héctor, versión en español ; Juárez Parra, Yazmín, versión en español</subfield>
    </datafield>
    <datafield tag="260" ind1=" " ind2=" ">
      <subfield code="a">Delaware, Wilm.</subfield>
      <subfield code="b"> : Addison-Wesley Iberoamericana</subfield>
      <subfield code="c"> , 1994</subfield>
    </datafield>
    <datafield tag="650" ind1=" " ind2=" ">
      <subfield code="a"> TELECOMUNICACIONES</subfield>
    </datafield>
    <datafield tag="650" ind1=" " ind2=" ">
      <subfield code="a"> REDES INFORMATICAS</subfield>
    </datafield>
    <datafield tag="650" ind1=" " ind2=" ">
      <subfield code="a"> PROTOCOLO DE COMUNICACION</subfield>
    </datafield>
    <datafield tag="942" ind1=" " ind2=" ">
      <subfield code="c">BK</subfield>
    </datafield>
    <datafield tag="952" ind1=" " ind2=" ">
      <subfield code="a">BIB_RECT</subfield>
      <subfield code="b">BIB_UACO</subfield>
      <subfield code="d">2012-04-25</subfield>
      <subfield code="y">BK</subfield>
      <subfield code="p">02-05834</subfield>
      <subfield code="i">02-05834</subfield>
      <subfield code="g">120</subfield>
      <subfield code="o">004.7 S399r</subfield>
      <subfield code="e">Fomec 585</subfield>
      <subfield code="8">CG</subfield>
    </datafield>
    <datafield tag="952" ind1=" " ind2=" ">
      <subfield code="a">BIB_RECT</subfield>
      <subfield code="b">BIB_UACO</subfield>
      <subfield code="d">2012-04-25</subfield>
      <subfield code="y">BK</subfield>
      <subfield code="p">02-05835</subfield>
      <subfield code="i">02-05835</subfield>
      <subfield code="g">150</subfield>
      <subfield code="o">004.7 S399r</subfield>
      <subfield code="e">Fomec 585</subfield>
      <subfield code="8">CG</subfield>
    </datafield>
    <datafield tag="952" ind1=" " ind2=" ">
      <subfield code="a">BIB_RECT</subfield>
      <subfield code="b">BIB_UACO</subfield>
      <subfield code="d">2012-04-25</subfield>
      <subfield code="y">BK</subfield>
      <subfield code="p">02-05836</subfield>
      <subfield code="i">02-05836</subfield>
      <subfield code="g">150</subfield>
      <subfield code="o">004.7 S399r</subfield>
      <subfield code="e">Fomec 585</subfield>
      <subfield code="8">CG</subfield>
    </datafield>
    <datafield tag="952" ind1=" " ind2=" ">
      <subfield code="a">BIB_RECT</subfield>
      <subfield code="b">BIB_UACO</subfield>
      <subfield code="d">2012-04-25</subfield>
      <subfield code="y">BK</subfield>
      <subfield code="p">02-05837</subfield>
      <subfield code="i">02-05837</subfield>
      <subfield code="g">150</subfield>
      <subfield code="o">004.7 S399r</subfield>
      <subfield code="e">Fomec 585</subfield>
      <subfield code="8">CG</subfield>
    </datafield>
    <datafield tag="952" ind1=" " ind2=" ">
      <subfield code="a">BIB_RECT</subfield>
      <subfield code="b">BIB_UACO</subfield>
      <subfield code="d">2012-04-25</subfield>
      <subfield code="y">BK</subfield>
      <subfield code="p">02-05838</subfield>
      <subfield code="i">02-05838</subfield>
      <subfield code="g">150</subfield>
      <subfield code="o">004.7 S399r</subfield>
      <subfield code="e">Fomec 585</subfield>
      <subfield code="8">CG</subfield>
    </datafield>
  </record>